:20:0000001
:25:PT50001000002035492000179
:28C:248/1
:60F:C170905EUR655243,46
:61:1709050905C119,44NMSCNONREF
1709471478710000
:61:1709050905C8595,49NMSCNONREF
0004121724701000
:61:1709050905C67,47NMSCNONREF
TOTAPT0904015270
:61:1709050905C310,66NMSCNONREF
TOTAPT0904013114
:61:1709050905C21,36NMSCNONREF
TOTAPT0904025172
:61:1709050905C112,12NMSCNONREF
TOTAPT0904057750
:61:1709050905C74,48NMSCNONREF
BCOMPTP201709040
:61:1709050905C394,62NMSCNONREF
CB20170904J02172
:61:1709050905C354,01NMSCNONREF
00008589
:61:1709050905D2,08NMSCNONREF
032433344
:62F:C170905EUR665291,03
:20:0000001
:25:PT50001000003196154000192
:28C:248/2
:60F:D170905EUR402167,79
:62F:D170905EUR402167,79
:20:0000001
:25:PT50001000003703463000122
:28C:248/3
:60F:C170905EUR151213,75
:61:1709050905D122661,75NSTONONREF
0000317337034635
:61:1709050905D10,00NCHGNONREF
0000317337034635
:61:1709050905D0,40NMSCNONREF
0000317337034635
:61:1709050905D2454,50NMSCNONREF
02015051125
:61:1709050905D2991,53NMSCNONREF
02015051168
:61:1709050905D3033,32NMSCNONREF
02015051173
:61:1709050905D291,05NMSCNONREF
GAR/14302090
:61:1709050905C374,57NMSCNONREF
T8843726
:62F:C170905EUR20145,77
:20:0000001
:25:PT50001000004986789000175
:28C:248/4
:60F:C170905EUR51681,10
:62F:C170905EUR51681,10
:20:0000001
:25:PT50001000007346936000162
:28C:248/5
:60F:C170905EUR197623,60
:61:1709050905C3412,15NMSCNONREF
0111801724707000
:61:1709050905C1939,32NMSCNONREF
0111801724707000
:61:1709050905C16941,38NMSCNONREF
0111801724707000
:61:1709050905C5252,18NMSCNONREF
0111801724707000
:62F:C170905EUR225168,63
:20:0000001
:25:PT50001000008308509000129
:28C:248/6
:60F:C170905EUR77456,85
:61:1709050905C1055,02NMSCNONREF
0111801724705000
:61:1709050905C5055,02NMSCNONREF
0111801724705000
:61:1709050905C671,77NMSCNONREF
0111801724705000
:61:1709050905C1087,86NMSCNONREF
0111801724705000
:62F:C170905EUR85326,52
:20:0000001
:25:PT50001000008308559000137
:28C:248/7
:60F:C170905EUR39535,37
:62F:C170905EUR39535,37
:20:0000001
:25:PT50001000008308664000115
:28C:248/8
:60F:C170905EUR146228,51
:61:1709050905C223,88NMSCNONREF
0111801724708000
:61:1709050905C120,72NMSCNONREF
0111801724708000
:61:1709050905C105,77NMSCNONREF
0111801724708000
:62F:C170905EUR146678,88
:20:0000001
:25:PT50001000008308711000107
:28C:248/9
:60F:C170905EUR1642374,75
:61:1709050905C66,79NMSCNONREF
00664576
:61:1709050905C32,18NMSCNONREF
00286665
:61:1709050905C77,49NMSCNONREF
00645272
:61:1709050905C92,58NMSCNONREF
00647798
:61:1709050905C61,02NMSCNONREF
00293637
:61:1709050905C31,11NMSCNONREF
00035657
:61:1709050905C138,98NMSCNONREF
00389379
:61:1709050905C29,06NMSCNONREF
00603845
:61:1709050905C29,06NMSCNONREF
00155844
:61:1709050905C45,84NMSCNONREF
00307360
:61:1709050905C24,71NMSCNONREF
00028531
:61:1709050905C102,21NMSCNONREF
00352399
:61:1709050905C71,56NMSCNONREF
00265740
:61:1709050905C1427,33NMSCNONREF
0111801724711000
:61:1709050905C8975,75NMSCNONREF
0111801724711000
:61:1709050905C3936,62NMSCNONREF
0111801724711000
:61:1709050905C56,00NMSCNONREF
BCOMPTP201709040
:61:1709050905C61,14NMSCNONREF
BCOMPTP201709040
:61:1709050905C57,22NMSCNONREF
TOTAPT0904041424
:61:1709050905C23,52NMSCNONREF
0010771724302000
:61:1709050905C71,56NMSCNONREF
BCOMPTP201709040
:61:1709050905C35,09NMSCNONREF
BCOMPTP201709040
:61:1709050905C41,27NMSCNONREF
1709471712340000
:61:1709050905C121,66NMSCNONREF
MPIOPT0904009086
:61:1709050905C96,15NMSCNONREF
0000106678694285
:61:1709050905C52,13NMSCNONREF
0000211842448245
:61:1709050905C27,09NMSCNONREF
0179660400000049
:61:1709050905C36,82NMSCNONREF
0000010247016955
:61:1709050905C77,21NMSCNONREF
Cliente 546089
:61:1709050905C131,67NMSCNONREF
CCCMPT0905002275
:61:1709050905C40,86NMSCNONREF
0000014950452025
:61:1709050905C529,17NMSCNONREF
48399399
:62F:C170905EUR1658975,60
:20:0000001
:25:PT50001000008308711000204
:28C:248/10
:60F:C170905EUR10383,06
:62F:C170905EUR10383,06
:20:0000001
:25:PT50001000008357037000149
:28C:248/11
:60F:C170905EUR25062,73
:62F:C170905EUR25062,73
:20:0000001
:25:PT50001000002035492000179
:28C:249/1
:60F:C170906EUR665291,03
:61:1709060906D21,40NRTINONREF
52823446
:61:1709060906D5,75NRTINONREF
52823447
:61:1709060906C2804,53NMSCNONREF
TOTAPT0905018909
:61:1709060906C25,66NMSCNONREF
BESCPTPL20170906
:61:1709060906C3505,20NMSCNONREF
0100061724801000
:61:1709060906C112,76NMSCNONREF
BCOMPTP201709050
:61:1709060906C1103,59NMSCNONREF
0014651724801000
:61:1709060906C4414,97NMSCNONREF
0014701724801000
:61:1709070906C28602,12NCLRNONREF
:62F:C170906EUR705832,71
:20:0000001
:25:PT50001000003196154000192
:28C:249/2
:60F:D170906EUR402167,79
:61:1709060906C500000,00NMSCNONREF
1709472137300000
:62F:C170906EUR97832,21
:20:0000001
:25:PT50001000003703463000122
:28C:249/3
:60F:C170906EUR20145,77
:62F:C170906EUR20145,77
:20:0000001
:25:PT50001000004986789000175
:28C:249/4
:60F:C170906EUR51681,10
:62F:C170906EUR51681,10
:20:0000001
:25:PT50001000007346936000162
:28C:249/5
:60F:C170906EUR225168,63
:61:1709060906C1536,01NMSCNONREF
0111801724810000
:62F:C170906EUR226704,64
:20:0000001
:25:PT50001000008308509000129
:28C:249/6
:60F:C170906EUR85326,52
:61:1709060906C395,91NMSCNONREF
0111801724812000
:62F:C170906EUR85722,43
:20:0000001
:25:PT50001000008308559000137
:28C:249/7
:60F:C170906EUR39535,37
:62F:C170906EUR39535,37
:20:0000001
:25:PT50001000008308664000115
:28C:249/8
:60F:C170906EUR146678,88
:61:1709060906C272,64NMSCNONREF
0111801724809000
:62F:C170906EUR146951,52
:20:0000001
:25:PT50001000008308711000107
:28C:249/9
:60F:C170906EUR1658975,60
:61:1709060906C930,96NMSCNONREF
BESCPTPL20170906
:61:1709060906C109,95NMSCNONREF
BESCPTPL20170906
:61:1709060906C1265,48NMSCNONREF
0111801724813000
:61:1709060906C34,12NMSCNONREF
1709472088550000
:61:1709060906C1312,20NMSCNONREF
1709472033560000
:61:1709060906C26,62NMSCNONREF
TOTAPT0905023395
:61:1709060906C51,05NMSCNONREF
TOTAPT0905026103
:61:1709060906C290,60NMSCNONREF
0010771724701000
:61:1709060906C15,66NMSCNONREF
BCOMPTP201709050
:61:1709060906C68,00NMSCNONREF
00163717
:61:1709060906C16,96NMSCNONREF
00319263
:61:1709070906C390,04NCLRNONREF
:61:1709070906C291,89NCLRNONREF
:61:1709060906C55,31NMSCNONREF
:61:1709070906C197,54NCLRNONREF
:61:1709060906C1199,13NMSCNONREF
:61:1709060906D6101,47NMSCNONREF
0906S14381050904
:61:1709060906D9525,09NMSCNONREF
0906S14381086839
:61:1709060906D99,83NMSCNONREF
0906S14381086838
:61:1709060906D1139,43NMSCNONREF
0906S14381086837
:61:1709060906D168,55NMSCNONREF
0906S14381086836
:61:1709060906D1138,67NMSCNONREF
0906S14381086834
:61:1709060906D86,50NMSCNONREF
0906S14381087086
:61:1709060906D86,33NMSCNONREF
0906S14381087085
:61:1709060906D456,62NMSCNONREF
0906S14381087082
:61:1709060906D235,01NMSCNONREF
0906S14381087093
:61:1709060906D242,16NMSCNONREF
0906S14381087092
:61:1709060906D65,47NMSCNONREF
0906S14381087090
:61:1709060906C9,29NMSCNONREF
0000106778694286
:61:1709060906C47,71NMSCNONREF
0000006537908136
:61:1709060906C130,81NMSCNONREF
:61:1709060906C54,04NMSCNONREF
cliente 357634
:61:1709060906C261,09NMSCNONREF
48399301
:62F:C170906EUR1646388,92
:20:0000001
:25:PT50001000008308711000204
:28C:249/10
:60F:C170906EUR10383,06
:62F:C170906EUR10383,06
:20:0000001
:25:PT50001000008357037000149
:28C:249/11
:60F:C170906EUR25062,73
:62F:C170906EUR25062,73
