{1:F01DEUTDEFFXXXX5318410842}{2:O9400707170907UNICMZMXXXXX08981000861709070707N}{3:{108:1814808468.05}}{4:
:20:20170906-71
:25:00000019710
:28C:71/1
:60F:C170805MZN20841461,91
:61:1708070807CN2100000,00NCHK0000000014//TT17219R76MY    
Credito Cheque sobre Nos
:61:1708070807DN3000,00NCHK0000007640//TT1721991BCH    
Cheque sobre Nos
:61:1708070807CN947459,50NCHK0000000547//TT17219RLCCP    
Credito Cheque sobre Nos
:61:1708090807CN386009,50NTRFNONREF//1FT1721919VC3   
Deposito cheque OIC
:61:1708090807CN863104,70NTRFNONREF//1FT17219T8QZB   
Deposito cheque OIC
:61:1708090807CN1400000,00NTRFNONREF//1FT17219NZ6M3   
Deposito cheque OIC
:61:1708090807CN100000,00NTRFNONREF//1FT17219P9204   
Deposito cheque OIC
:61:1708090807CN60142,50NTRFNONREF//1FT17219DX7BJ   
Deposito cheque OIC
:61:1708090807CN91854,00NTRFNONREF//1FT17219C01JS   
Deposito cheque OIC
:61:1708090807CN305074,00NTRFNONREF//1FT17219SW611   
Deposito cheque OIC
:61:1708090807CN104098,00NTRFNONREF//1FT172196YL29   
Deposito cheque OIC
:61:1708090807CN305961,30NTRFNONREF//1FT17219QY0FC   
Deposito cheque OIC
:61:1708090807CN240570,00NTRFNONREF//1FT17219T9VW7   
Deposito cheque OIC
:61:1708090807CN96230,00NTRFNONREF//1FT172197L3F1   
Deposito cheque OIC
:61:1708070807DN43484,00NCHK0000007590//TT17219WN40K    
Cheque sobre Nos
:61:1708070807DN33877,83NCHK0000007616//TT17219CZMGK    
Cheque sobre Nos
:61:1708090807CN488300,40NTRFNONREF//1FT17219HFH3Q   
Deposito cheque OIC
:62M:C170907MZN28249903,98
-}{1:F01DEUTDEFFXXXX6234777133}{2:O9400707170907UNICMZMXXXXX08981000871709070707N}{3:{108:1814808469.00}}{4:
:20:20170906-71
:25:00000019710
:28C:71/2
:60M:C170907MZN28249903,98
:61:1708070807DN29574,86NCMI0000007638//TT172199L4Y2    
Lev cheque Unico
:61:1708070807DN30714,00NTRF00000007570//160FT17219CKF8X 
Pagto cheque Uni OIC
:61:1708070807DN14771,25NTRF00000007611//160FT17219CR2ZC 
Pagto cheque Uni OIC
:61:1708070807DN840,01NTRF00000007583//160FT17219F0B9P 
Pagto cheque Uni OIC
:61:1708070807DN8424,00NTRF00000007597//160FT17219F1FNX 
Pagto cheque Uni OIC
:61:1708070807DN6500,00NTRF00000007635//160FT17219J0ZXF 
Pagto cheque Uni OIC
:61:1708070807DN452321,56NTRF00000007553//160FT17219KX2F9 
Pagto cheque Uni OIC
:61:1708070807DN7303,85NTRF00000007545//160FT17219NPDWH 
Pagto cheque Uni OIC
:61:1708070807DN1399421,08NTRF00000007646//160FT17219PDRC8 
Pagto cheque Uni OIC
:61:1708070807DN32917,95NTRF00000007558//160FT17219STLPT 
Pagto cheque Uni OIC
:61:1708070807DN1582918,82NTRF00000007586//160FT17219VXVKK 
Pagto cheque Uni OIC
:61:1708070807DN34807,50NTRF00000007564//160FT17219W78P0 
Pagto cheque Uni OIC
:61:1708070807DN133115,29NTRF00000007637//160FT17219YFNQ8 
Pagto cheque Uni OIC
:61:1708070807DN386589,06NTRF00000007644//160FT17219YSHGL 
Pagto cheque Uni OIC
:61:1708070807DN12660,00NTRF00000007596//160FT17219YZ4TB 
Pagto cheque Uni OIC
:61:1708070807DN32720,59NTRF00000007565//160FT17219Z4ZG1 
Pagto cheque Uni OIC
:62M:C170907MZN24084304,16
-}{1:F01DEUTDEFFXXXX6379019627}{2:O9400707170907UNICMZMXXXXX08981000881709070707N}{3:{108:1814808469.01}}{4:
:20:20170906-71
:25:00000019710
:28C:71/3
:60M:C170907MZN24084304,16
:61:1708070807DN149856,50NTRF00000007566//160FT172191MPF1 
Pagto cheque Uni OIC
:61:1708070807DN736047,00NTRF00000007643//160FT172192XFFK 
Pagto cheque Uni OIC
:61:1708070807DN768487,93NTRF00000007645//160FT172194FZDY 
Pagto cheque Uni OIC
:61:1708070807DN19520,00NTRF00000007568//160FT1721962WP9 
Pagto cheque Uni OIC
:61:1708070807DN344618,17NCMI0000007636//TT17219M9F1R    
Lev cheque Unico
:61:1708070807CN98754,00NTRFBONGAS MOZ-PETRO//1FT17219NN10M   
Transf intrab clientes dif IB
:61:1708070807CN174438,74NTRFFA 393 2017//1FT17219CLQQN   
Transferencia
:61:1708070807DN49,NSECNONREF//UNIC.00000019710
IS art 7
:61:1708070807DN49,NSECNONREF//UNIC.00000019710
IS art 7
:61:1708070807DN49,NSECNONREF//UNIC.00000019710
IS art 7
:61:1708070807DN38,NSECCHG1721906680//CHG1721906680   
IS art 19.2.4
:61:1708070807DN1900,NCOMCHG1721906680//CHG1721906680   
Comissao livro 98 cheques
:61:1708070807DN49,NSECNONREF//UNIC.00000019710
IS art 7
:61:1708070807DN38,NSECCHG1721906685//CHG1721906685   
IS art 19.2.4
:61:1708070807DN1900,NCOMCHG1721906685//CHG1721906685   
Comissao livro 98 cheques
:61:1708070807DN38,NSECCHG1721906684//CHG1721906684   
IS art 19.2.4
:61:1708070807DN1900,NCOMCHG1721906684//CHG1721906684   
Comissao livro 98 cheques
:61:1708070807DN38,NSECCHG1721906682//CHG1721906682   
IS art 19.2.4
:62M:C170907MZN22332919,3
-}{1:F01DEUTDEFFXXXX1005125575}{2:O9400707170907UNICMZMXXXXX08981000891709070707N}{3:{108:1814808469.02}}{4:
:20:20170906-71
:25:00000019710
:28C:71/4
:60M:C170907MZN22332919,3
:61:1708070807DN1900,NCOMCHG1721906682//CHG1721906682   
Comissao livro 98 cheques
:61:1708080808DN8658,00NTRF00000007608//172FT17220C9SL8 
Pagto cheque Uni OIC
:61:1708080808DN60374,34NTRF00000007609//172FT17220FWLLS 
Pagto cheque Uni OIC
:61:1708080808DN241153,89NTRF00000007618//172FT17220KN3PC 
Pagto cheque Uni OIC
:61:1708080808DN3600,09NTRF00000007334//172FT17220N55BR 
Pagto cheque Uni OIC
:61:1708080808DN1212216,76NTRF00000007578//172FT17220PV0GL 
Pagto cheque Uni OIC
:61:1708080808DN51452,00NTRF00000007569//172FT17220TH0LG 
Pagto cheque Uni OIC
:61:1708080808DN78919,50NTRF00000007634//172FT17220VYRBN 
Pagto cheque Uni OIC
:61:1708080808DN8102,08NTRF00000007599//172FT17220XYG4W 
Pagto cheque Uni OIC
:61:1708080808DN20250,00NTRF00000007628//172FT17220ZX5C5 
Pagto cheque Uni OIC
:61:1708080808DN25597,00NTRF00000007639//172FT172205ZWMR 
Pagto cheque Uni OIC
:61:1708080808DN2040,00NTRF00000007630//172FT1722025B89 
Pagto cheque Uni OIC
:61:1708080808DN940,00NTRF00000007617//172FT1722032YF0 
Pagto cheque Uni OIC
:61:1708080808DN7951,65NTRF00000007606//172FT17220QKMMH 
Pagto cheque Uni OIC
:61:1708080808CN1815775,20NCHK0000000223//TT17220Z3V94    
Credito Cheque sobre Nos
:61:1708080808CN195311,14NCHK0000001488//TT17220GHPW7    
Credito Cheque sobre Nos
:62M:C170907MZN22620850,33
-}{1:F01DEUTDEFFXXXX5318410844}{2:O9400707170907UNICMZMXXXXX08981000901709070707N}{3:{108:1814808469.03}}{4:
:20:20170906-71
:25:00000019710
:28C:71/5
:60M:C170907MZN22620850,33
:61:1708100808CN33345,00NTRFNONREF//1FT17220S9F2Q   
Deposito cheque OIC
:61:1708100808CN268087,13NTRFNONREF//1FT17220ZG7L3   
Deposito cheque OIC
:61:1708100808CN300000,00NTRFNONREF//1FT17220YC8VP   
Deposito cheque OIC
:61:1708100808CN240570,00NTRFNONREF//1FT17220GJ0MY   
Deposito cheque OIC
:61:1708100808CN1730415,50NTRFNONREF//1FT17220YD99V   
Deposito cheque OIC
:61:1708100808CN1638801,50NTRFNONREF//1FT17220NFFQC   
Deposito cheque OIC
:61:1708100808CN1500000,00NTRFNONREF//1FT17220V7KSH   
Deposito cheque OIC
:61:1708100808CN299888,27NTRFNONREF//1FT17220PPHV3   
Deposito cheque OIC
:61:1708100808CN198074,10NTRFNONREF//1FT17220B2D8F   
Deposito cheque OIC
:61:1708100808CN96230,00NTRFNONREF//1FT17220W1RJT   
Deposito cheque OIC
:61:1708100808CN77920,00NTRFNONREF//1FT17220QTWM0   
Deposito cheque OIC
:61:1708100808CN27951,32NTRFNONREF//1FT17220VNXC7   
Deposito cheque OIC
:61:1708100808CN12135,83NTRFNONREF//1FT1722083DLL   
Deposito cheque OIC
:61:1708080808DN27625,00NCMI0000007662//TT172206515D    
Lev cheque Unico
:61:1708080808DN23485,06NCHK0000007603//TT17220F4SGJ    
Cheque sobre Nos
:61:1708080808DN11011,36NCHK0000007623//TT172200N9FQ    
Cheque sobre Nos
:61:1708110809CN392790,50NTRFNONREF//1FT172214G4QD   
Deposito cheque OIC
:62M:C170907MZN29374938,06
-}{1:F01DEUTDEFFXXXX6234777134}{2:O9400707170907UNICMZMXXXXX08981000911709070707N}{3:{108:1814808469.04}}{4:
:20:20170906-71
:25:00000019710
:28C:71/6
:60M:C170907MZN29374938,06
:61:1708110809CN1771494,74NTRFNONREF//1FT172214LRRY   
Deposito cheque OIC
:61:1708110809CN1961871,60NTRFNONREF//1FT17221JZMHF   
Deposito cheque OIC
:61:1708110809CN96230,00NTRFNONREF//1FT17221JYBJK   
Deposito cheque OIC
:61:1708090809CN350000,00NCHK0000000548//TT17221XNV93    
Credito Cheque sobre Nos
:61:1708090809CN587430,00NCMINONREF//TT172219Y5Y6    
Deposito numerario
:61:1708110809CN300000,00NTRFNONREF//1FT17221T9B0L   
Deposito cheque OIC
:61:1708090809DN10560,05NCHK0000007655//TT17221FGF8N    
Cheque sobre Nos
:61:1708090809DN1806,00NTRF00000007615//172FT17221B42CL 
Pagto cheque Uni OIC
:61:1708090809DN216684,00NTRF00000007652//172FT17221C4LM4 
Pagto cheque Uni OIC
:61:1708090809DN16835,10NTRF00000007629//172FT17221DY6XZ 
Pagto cheque Uni OIC
:61:1708090809DN105300,00NTRF00000007648//172FT17221G05MD 
Pagto cheque Uni OIC
:61:1708090809DN11515,00NTRF00000007657//172FT17221KJKGP 
Pagto cheque Uni OIC
:61:1708090809DN840,41NTRF00000007602//172FT17221M954H 
Pagto cheque Uni OIC
:61:1708090809DN542646,00NTRF00000007620//172FT17221MPC5S 
Pagto cheque Uni OIC
:61:1708090809DN75051,76NTRF00000007567//172FT17221P5MXN 
Pagto cheque Uni OIC
:61:1708090809DN12000,00NTRF00000007600//172FT17221V25ZP 
Pagto cheque Uni OIC
:61:1708090809DN46842,12NTRF00000007632//172FT17221YT6WS 
Pagto cheque Uni OIC
:62M:C170907MZN33401883,96
-}{1:F01DEUTDEFFXXXX5525741526}{2:O9400708170907UNICMZMXXXXX08981000921709070708N}{3:{108:1814808469.05}}{4:
:20:20170906-71
:25:00000019710
:28C:71/7
:60M:C170907MZN33401883,96
:61:1708090809DN159997,50NTRF00000007656//172FT17221Z4K2C 
Pagto cheque Uni OIC
:61:1708090809DN12760,00NTRF00000007653//172FT172210XP06 
Pagto cheque Uni OIC
:61:1708090809DN1664910,00NTRF00000007651//172FT172219G8PN 
Pagto cheque Uni OIC
:61:1708090809DN13576,49NTRF00000007633//172FT172212MWY6 
Pagto cheque Uni OIC
:61:1708100810DN11872,58NCHK0000007607//TT17222QTW71    
Cheque sobre Nos
:61:1708100810CN347459,50NCHK0000000549//TT17222FHJTS    
Credito Cheque sobre Nos
:61:1708140810CN932206,20NTRFNONREF//1FT17222ZW0V5   
Deposito cheque OIC
:61:1708140810CN448433,21NTRFNONREF//1FT17222JNWG3   
Deposito cheque OIC
:61:1708140810CN96230,00NTRFNONREF//1FT17222LH6TX   
Deposito cheque OIC
:61:1708140810CN336800,00NTRFNONREF//1FT17222SK096   
Deposito cheque OIC
:61:1708140810CN55987,20NTRFNONREF//1FT172225BPVH   
Deposito cheque OIC
:61:1708100810CN867600,00NCHK0000000068//TT17222Q00DJ    
Credito Cheque sobre Nos
:61:1708100810DN53676,68NCHK0000007593//TT17222BS7H3    
Cheque sobre Nos
:61:1708140810CN285435,83NTRFNONREF//1FT17222FD5SH   
Deposito cheque OIC
:61:1708100810CN1889066,40NCHK0000000224//TT17222XYLJY    
Credito Cheque sobre Nos
:61:1708100810DN43053,50NCMI0000007670//TT17222X5N36    
Lev cheque Unico
:61:1708140810CN209216,80NTRFNONREF//1FT17222R4WY2   
Deposito cheque OIC
:62M:C170907MZN36910472,35
-}{1:F01DEUTDEFFXXXX5318410856}{2:O9400708170907UNICMZMXXXXX08981000931709070708N}{3:{108:1814808469.06}}{4:
:20:20170906-71
:25:00000019710
:28C:71/8
:60M:C170907MZN36910472,35
:61:1708140810CN97528,00NTRFNONREF//1FT172223KXXF   
Deposito cheque OIC
:61:1708100810DN36504,00NTRF00000007614//172FT17222FV8X5 
Pagto cheque Uni OIC
:61:1708100810DN6116,76NTRF00000007604//172FT17222LPQPJ 
Pagto cheque Uni OIC
:61:1708100810DN5352,75NTRF00000007612//172FT17222NS60M 
Pagto cheque Uni OIC
:61:1708100810DN61425,00NTRF00000007605//172FT17222P6MSZ 
Pagto cheque Uni OIC
:61:1708100810DN10000000,00NTRF00000007663//172FT17222P8MV4 
Pagto cheque Uni OIC
:61:1708100810DN185863,04NTRF00000007591//172FT17222P2640 
Pagto cheque Uni OIC
:61:1708100810DN7200,00NTRF00000007613//172FT17222RPK3Y 
Pagto cheque Uni OIC
:61:1708100810DN77084,84NTRF00000007667//172FT17222ZHF5V 
Pagto cheque Uni OIC
:61:1708100810DN176287,41NTRF00000007551//172FT172227VMMB 
Pagto cheque Uni OIC
:61:1708100810DN21434,68NTRF00000007631//172FT172228DJS9 
Pagto cheque Uni OIC
:61:1708100810DN4900,00NTRF00000007627//172FT17222812XY 
Pagto cheque Uni OIC
:61:1708100810DN523,00NTRF00000007654//172FT172226TNWB 
Pagto cheque Uni OIC
:61:1708100810CN6000000,00NTRFFTS 4882 E 5060//1FT17222R1243   
Trf intrab client dif balc
:61:1708100810DN750,00NCHK0000007610//TT17222S7WDR    
Cheque sobre Nos
:61:1708150811CN1090219,50NTRFNONREF//1FT1722393SYP   
Deposito cheque OIC
:62M:C170907MZN33514778,37
-}{1:F01DEUTDEFFXXXX6234777141}{2:O9400708170907UNICMZMXXXXX08981000941709070708N}{3:{108:1814808469.07}}{4:
:20:20170906-71
:25:00000019710
:28C:71/9
:60M:C170907MZN33514778,37
:61:1708150811CN700000,00NTRFNONREF//1FT17223XG597   
Deposito cheque OIC
:61:1708150811CN96228,00NTRFNONREF//1FT17223FBKRQ   
Deposito cheque OIC
:61:1708150811CN1126112,50NTRFNONREF//1FT17223YKRQB   
Deposito cheque OIC
:61:1708150811CN17018,44NTRFNONREF//1FT17223Z19F6   
Deposito cheque OIC
:61:1708150811CN69767,95NTRFNONREF//1FT17223PF0NT   
Deposito cheque OIC
:61:1708150811CN153970,00NTRFNONREF//1FT17223G9LM5   
Deposito cheque OIC
:61:1708110811CN341131,90NCHK0000000550//TT17223BJ7X9    
Credito Cheque sobre Nos
:61:1708110811CN81843,32NCHK0000000076//TT17223XM27T    
Credito Cheque sobre Nos
:61:1708150811CN575526,38NTRFNONREF//1FT17223KTJY5   
Deposito cheque OIC
:61:1708110811CN970000,00NCHK0000000015//TT17223ZQSG4    
Credito Cheque sobre Nos
:61:1708110811DN4242515,01NTRF00000007642//172FT17223BWHFH 
Pagto cheque Uni OIC
:61:1708110811DN16620,73NTRF00000007649//172FT17223DHR1Z 
Pagto cheque Uni OIC
:61:1708110811DN6732,00NTRF00000007626//172FT17223DVHWL 
Pagto cheque Uni OIC
:61:1708110811DN1543879,35NTRF00000007650//172FT17223LXFZC 
Pagto cheque Uni OIC
:61:1708110811DN84825,00NTRF00000007658//172FT17223MJS12 
Pagto cheque Uni OIC
:61:1708110811DN814735,07NTRF00000007584//172FT17223WBDHF 
Pagto cheque Uni OIC
:61:1708110811DN65726,89NTRF00000007562//172FT17223Z2KWH 
Pagto cheque Uni OIC
:62M:C170907MZN30871342,81
-}{1:F01DEUTDEFFXXXX6379019634}{2:O9400708170907UNICMZMXXXXX08981000951709070708N}{3:{108:1814808469.08}}{4:
:20:20170906-71
:25:00000019710
:28C:71/10
:60M:C170907MZN30871342,81
:61:1708110811DN23400,00NTRF00000007647//172FT172230HCLK 
Pagto cheque Uni OIC
:61:1708110811DN78975,00NTRF00000007665//172FT172233V59G 
Pagto cheque Uni OIC
:61:1708110811DN264584,00NTRF00000007664//172FT172235X758 
Pagto cheque Uni OIC
:61:1708110811DN24000,00NCHK0000007672//TT1722357YTQ    
Cheque sobre Nos
:61:1708110811CN891296,00NCHK0000002300//TT17223KQFDV    
Credito Cheque sobre Nos
:61:1708110811CN407817,00NCHK0000000225//TT17223MRR1K    
Credito Cheque sobre Nos
:61:1708140814CN250000,00NCMINONREF//TT17226PMJS2    
Deposito numerario
:61:1708140814DN2364040,24NCHK0000007673//TT17226QS0XQ    
Cheque sobre Nos
:61:1708140814CN1529359,20NCHK0000001498//TT1722680KDG    
Credito Cheque sobre Nos
:61:1708140814CN300220,00NCHK0000000551//TT172265Z05T    
Credito Cheque sobre Nos
:61:1708160814CN1000000,00NTRFNONREF//1FT17226RSL2J   
Deposito cheque OIC
:61:1708160814CN1821902,25NTRFNONREF//1FT17226LNZ00   
Deposito cheque OIC
:61:1708160814CN60142,50NTRFNONREF//1FT17226J11VH   
Deposito cheque OIC
:61:1708160814CN48114,00NTRFNONREF//1FT172266JMXY   
Deposito cheque OIC
:61:1708140814CN1090000,00NCHK0000000016//TT17226YM85G    
Credito Cheque sobre Nos
:61:1708160814CN457330,80NTRFNONREF//1FT172263G8ZM   
Deposito cheque OIC
:62M:C170907MZN35972525,32
-}{1:F01DEUTDEFFXXXX5525741527}{2:O9400708170907UNICMZMXXXXX08981000961709070708N}{3:{108:1814808469.09}}{4:
:20:20170906-71
:25:00000019710
:28C:71/11
:60M:C170907MZN35972525,32
:61:1708140814CN571889,90NCHK0000000553//TT17226H71X8    
Credito Cheque sobre Nos
:61:1708140814DN30487,86NTRF00000007676//172FT17226K033T 
Pagto cheque Uni OIC
:61:1708140814DN45249,70NTRF00000007625//172FT17226RRWQL 
Pagto cheque Uni OIC
:61:1708140814DN21230,28NTRF00000007563//172FT17226S8NBW 
Pagto cheque Uni OIC
:61:1708140814DN25002,90NTRF00000007677//172FT17226W8844 
Pagto cheque Uni OIC
:61:1708140814DN9126,00NTRF00000007660//172FT172265ZSYY 
Pagto cheque Uni OIC
:61:1708140814DN4680,00NTRF00000007641//172FT172267YQQV 
Pagto cheque Uni OIC
:61:1708140814DN2084,94NTRF00000007678//172FT172268PMY7 
Pagto cheque Uni OIC
:61:1708140814DN1287,00NTRF00000007679//172FT172269NVDX 
Pagto cheque Uni OIC
:61:1708140814DN62935,15NTRF00000007601//172FT1722624Z6Z 
Pagto cheque Uni OIC
:61:1708160814CN1045980,20NTRFNONREF//1FT17226W8BF7   
Deposito cheque OIC
:61:1708170815CN74482,19NTRFNONREF//1FT172274H79D   
Deposito cheque OIC
:61:1708170815CN1250000,00NTRFNONREF//1FT17227F61LX   
Deposito cheque OIC
:61:1708170815CN48114,00NTRFNONREF//1FT17227N3HHN   
Deposito cheque OIC
:61:1708170815CN45489,60NTRFNONREF//1FT17227HPG3N   
Deposito cheque OIC
:61:1708170815CN192450,00NTRFNONREF//1FT172275WR5T   
Deposito cheque OIC
:61:1708150815CN400000,00NCHK0000000554//TT172272TZ0L    
Credito Cheque sobre Nos
:62M:C170907MZN39398847,38
-}{1:F01DEUTDEFFXXXX5318410858}{2:O9400708170907UNICMZMXXXXX08981000971709070708N}{3:{108:1814808469.10}}{4:
:20:20170906-71
:25:00000019710
:28C:71/12
:60M:C170907MZN39398847,38
:61:1708170815CN269572,80NTRFNONREF//1FT172273QDZS   
Deposito cheque OIC
:61:1708150815DN349250,92NTRF00000007669//172FT17227PV6WZ 
Pagto cheque Uni OIC
:61:1708150815DN40357,00NTRF00000007621//172FT17227Z9XTB 
Pagto cheque Uni OIC
:61:1708150815DN6000,00NTRF00000007659//172FT1722708BPF 
Pagto cheque Uni OIC
:61:1708150815DN40855,00NTRF00000007560//172FT1722758GLG 
Pagto cheque Uni OIC
:61:1708160816CN250000,00NCHK0000000555//TT172280L3JT    
Credito Cheque sobre Nos
:61:1708180816CN700000,00NTRFNONREF//1FT172282Y61H   
Deposito cheque OIC
:61:1708180816CN72171,00NTRFNONREF//1FT172281XMBV   
Deposito cheque OIC
:61:1708180816CN168400,00NTRFNONREF//1FT17228Q5J6S   
Deposito cheque OIC
:61:1708160816CN504800,00NCMINONREF//TT17228Z70HT    
Deposito numerario
:61:1708160816DN103428,00NTRF00000007681//172FT17228GKWTK 
Pagto cheque Uni OIC
:61:1708160816DN25846,62NTRF00000007684//172FT17228J6HXL 
Pagto cheque Uni OIC
:61:1708160816DN9020,00NTRF00000007683//172FT17228MLL0V 
Pagto cheque Uni OIC
:61:1708160816DN24000,00NTRF00000007671//172FT17228NWZ9R 
Pagto cheque Uni OIC
:61:1708180816CN300000,00NTRFNONREF//1FT17228P0W5K   
Deposito cheque OIC
:61:1708160816CN2035648,80NCHK0000000227//TT17228K89KZ    
Credito Cheque sobre Nos
:61:1708170817DN26699,40NCHK0000007689//TT17229N5MNK    
Cheque sobre Nos
:62M:C170907MZN43073983,04
-}{1:F01DEUTDEFFXXXX6234777143}{2:O9400708170907UNICMZMXXXXX08981000981709070708N}{3:{108:1814808469.11}}{4:
:20:20170906-71
:25:00000019710
:28C:71/13
:60M:C170907MZN43073983,04
:61:1708210817CN700000,00NTRFNONREF//1FT17229DMW1K   
Deposito cheque OIC
:61:1708210817CN8954,84NTRFNONREF//1FT17229SXS4T   
Deposito cheque OIC
:61:1708210817CN1247922,50NTRFNONREF//1FT17229WFZ2W   
Deposito cheque OIC
:61:1708210817CN48114,00NTRFNONREF//1FT17229QVPNJ   
Deposito cheque OIC
:61:1708210817CN200000,00NTRFNONREF//1FT17229TPLVV   
Deposito cheque OIC
:61:1708170817DN6720,00NTRF00000007674//172FT17229BVHL2 
Pagto cheque Uni OIC
:61:1708170817DN16800,00NTRF00000007680//172FT17229CZ0HB 
Pagto cheque Uni OIC
:61:1708170817CN150000,00NCHK0000000556//TT17229MMHG1    
Credito Cheque sobre Nos
:61:1708170817DN95764,50NTRF00000007687//172FT17229RJGR2 
Pagto cheque Uni OIC
:61:1708170817DN1306,00NTRF00000007686//172FT1722942LBJ 
Pagto cheque Uni OIC
:61:1708170817DN35070,00NTRF00000007675//172FT17229X87GJ 
Pagto cheque Uni OIC
:61:1708170817DN140843,98NTRF00000007693//172FT1722969KF5 
Pagto cheque Uni OIC
:61:1708170817DN32094,25NTRF00000007682//172FT17229MP53Z 
Pagto cheque Uni OIC
:61:1708220818CN305074,00NTRFNONREF//1FT172309K7KF   
Deposito cheque OIC
:61:1708220818CN48114,00NTRFNONREF//1FT17230SK9PC   
Deposito cheque OIC
:61:1708220818CN700000,00NTRFNONREF//1FT17230BMFTT   
Deposito cheque OIC
:61:1708220818CN329753,00NTRFNONREF//1FT17230QX3GG   
Deposito cheque OIC
:62M:C170907MZN46483316,65
-}{1:F01DEUTDEFFXXXX6379019636}{2:O9400708170907UNICMZMXXXXX08981000991709070708N}{3:{108:1814808469.12}}{4:
:20:20170906-71
:25:00000019710
:28C:71/14
:60M:C170907MZN46483316,65
:61:1708180818CN48114,00NCHK0000001981//TT17230R0JCQ    
Credito Cheque sobre Nos
:61:1708180818CN46101,00NCHK0000001987//TT17230PKQ7J    
Credito Cheque sobre Nos
:61:1708180818DN51413,66NCHK0000007707//TT172309LW63    
Cheque sobre Nos
:61:1708220818CN625325,00NTRFNONREF//1FT17230L9032   
Deposito cheque OIC
:61:1708180818DN12168,00NTRF00000007720//172FT172308C6PY 
Pagto cheque Uni OIC
:61:1708180818DN10880,00NTRF00000007690//172FT17230YT9M4 
Pagto cheque Uni OIC
:61:1708180818DN25348,11NTRF00000007685//172FT17230L6919 
Pagto cheque Uni OIC
:61:1708180818DN3600,09NTRF00000007666//172FT17230CJL91 
Pagto cheque Uni OIC
:61:1708180818DN63673,00NTRF00000007703//172FT17230PSWKC 
Pagto cheque Uni OIC
:61:1708180818DN27070,20NTRF00000007709//172FT17230Q6FTN 
Pagto cheque Uni OIC
:61:1708180818DN288091,63NTRF00000007695//172FT17230V7W0C 
Pagto cheque Uni OIC
:61:1708180818DN98496,45NTRF00000007668//172FT172300RHB1 
Pagto cheque Uni OIC
:61:1708180818DN369661,20NTRF00000007697//172FT172308C6NB 
Pagto cheque Uni OIC
:61:1708180818DN31590,00NCHK0000007719//TT17230DJ8XC    
Cheque sobre Nos
:61:1708180818DN3907,84NCHK0000007688//TT17230S40QZ    
Cheque sobre Nos
:61:1708210821DN3479248,96NTRFNONREF//1FT1723314BXC   
Bulkpayments-Supplier
:61:1708210821DN1,2NSECCHG1723340141//CHG1723340141   
IS art 19.2.4
:62M:C170907MZN42737706,31
-}{1:F01DEUTDEFFXXXX1005125579}{2:O9400708170907UNICMZMXXXXX08981001001709070708N}{3:{108:1814808469.13}}{4:
:20:20170906-71
:25:00000019710
:28C:71/15
:60M:C170907MZN42737706,31
:61:1708210821DN60,NCOMCHG1723340141//CHG1723340141   
Pagamento de comissao
:61:1708210821DN2,2NSECCHG1723340158//CHG1723340158   
IS art 19.2.4
:61:1708210821DN110,NCOMCHG1723340158//CHG1723340158   
Pagamento de comissao
:61:1708210821CN724180,00NCMINONREF//TT17233VN69M    
Deposito numerario
:61:1708210821DN3088,80NCHK0000007715//TT17233CVNCH    
Cheque sobre Nos
:61:1708230821CN54018,90NTRFNONREF//1FT17233N86TM   
Deposito cheque OIC
:61:1708230821CN1500000,00NTRFNONREF//1FT17233TJY22   
Deposito cheque OIC
:61:1708230821CN256804,75NTRFNONREF//1FT17233BYVMR   
Deposito cheque OIC
:61:1708230821CN3533,39NTRFNONREF//1FT172331LTVX   
Deposito cheque OIC
:61:1708230821CN1767407,42NTRFNONREF//1FT17233QV21V   
Deposito cheque OIC
:61:1708210821CN150000,00NCHK0000000557//TT17233KDCVG    
Credito Cheque sobre Nos
:61:1708210821CN371889,90NCHK0000000559//TT17233WVH5M    
Credito Cheque sobre Nos
:61:1708210821CN247459,50NCHK0000000558//TT172335PCJY    
Credito Cheque sobre Nos
:61:1708210821CN46101,00NCHK0000001988//TT17233560HN    
Credito Cheque sobre Nos
:61:1708210821DN26617,50NTRF00000007702//172FT17233CVVDW 
Pagto cheque Uni OIC
:61:1708210821DN15642,00NTRF00000007710//172FT17233PPQM8 
Pagto cheque Uni OIC
:61:1708210821DN71400,00NTRF00000007706//172FT17233RHXPR 
Pagto cheque Uni OIC
:62M:C170907MZN47742180,67
-}{1:F01DEUTDEFFXXXX5318410859}{2:O9400708170907UNICMZMXXXXX08981001011709070708N}{3:{108:1814808469.14}}{4:
:20:20170906-71
:25:00000019710
:28C:71/16
:60M:C170907MZN47742180,67
:61:1708210821DN2686,70NTRF00000007714//172FT17233V1ST7 
Pagto cheque Uni OIC
:61:1708210821DN675,00NTRF00000007718//172FT17233VSKSW 
Pagto cheque Uni OIC
:61:1708210821DN37872,84NTRF00000007704//172FT17233VTLJC 
Pagto cheque Uni OIC
:61:1708210821DN158797,62NTRF00000007698//172FT172332K4MR 
Pagto cheque Uni OIC
:61:1708210821DN169650,00NTRF00000007696//172FT172334RVKR 
Pagto cheque Uni OIC
:61:1708210821DN3861,00NTRF00000007716//172FT1723323TT8 
Pagto cheque Uni OIC
:61:1708210821CN1529359,20NCHK0000001701//TT17233XJ3L2    
Credito Cheque sobre Nos
:61:1708230821CN529097,00NTRFNONREF//1FT17233M1MWC   
Deposito cheque OIC
:61:1708210821CN1604332,80NCMINONREF//TT17233L2BMX    
Deposito numerario
:61:1708210821DN36504,00NCHK0000007725//TT1723322X6Q    
Cheque sobre Nos
:61:1708220822DN65420,00NCHK0000007730//TT17234J5HDY    
Cheque sobre Nos
:61:1708240822CN504858,75NTRFNONREF//1FT17234XD9F2   
Deposito cheque OIC
:61:1708240822CN1077573,30NTRFNONREF//1FT172345FJHK   
Deposito cheque OIC
:61:1708240822CN100164,60NTRFNONREF//1FT172346D0GQ   
Deposito cheque OIC
:61:1708240822CN73870,00NTRFNONREF//1FT17234MXG3F   
Deposito cheque OIC
:61:1708240822CN1500000,00NTRFNONREF//1FT17234XZR8Y   
Deposito cheque OIC
:61:1708240822CN281520,00NTRFNONREF//1FT172346ZGQH   
Deposito cheque OIC
:62M:C170907MZN54467489,16
-}{1:F01DEUTDEFFXXXX5318410874}{2:O9400709170907UNICMZMXXXXX08981001021709070709N}{3:{108:1814808469.15}}{4:
:20:20170906-71
:25:00000019710
:28C:71/17
:60M:C170907MZN54467489,16
:61:1708240822CN115253,00NTRFNONREF//1FT172343HQF6   
Deposito cheque OIC
:61:1708220822DN47115,33NCHK0000007708//TT17234XB36K    
Cheque sobre Nos
:61:1708240822CN409216,80NTRFNONREF//1FT1723459PGV   
Deposito cheque OIC
:61:1708220822DN319032,26NTRF00000007694//172FT17234CZW57 
Pagto cheque Uni OIC
:61:1708220822DN29000200,39NTRF00000007721//172FT17234G6C75 
Pagto cheque Uni OIC
:61:1708220822DN1684276,00NTRF00000007723//172FT17234HQTS0 
Pagto cheque Uni OIC
:61:1708220822DN1393468,56NTRF00000007722//172FT17234773T9 
Pagto cheque Uni OIC
:61:1708220822DN9126,00NTRF00000007711//172FT17234368VH 
Pagto cheque Uni OIC
:61:1708220822DN25339,86NTRF00000007726//172FT172349F3XZ 
Pagto cheque Uni OIC
:61:1708220822DN38449,90NTRF00000007705//172FT172345B6GM 
Pagto cheque Uni OIC
:61:1708220822DN33333,00NTRF00000007724//172FT17234QXFSG 
Pagto cheque Uni OIC
:61:1708220822DN7600,00NTRF00000007713//172FT17234KZYQ5 
Pagto cheque Uni OIC
:61:1708220822DN1053,00NTRF00000007717//172FT17234KCR0H 
Pagto cheque Uni OIC
:61:1708240822CN206313,71NTRFNONREF//1FT1723471LW4   
Deposito cheque OIC
:61:1708220822CN2017528,00NCHK0000000228//TT172343YK9R    
Credito Cheque sobre Nos
:61:1708250823CN1000000,00NTRFNONREF//1FT17235JTCTC   
Deposito cheque OIC
:61:1708250823CN543158,40NTRFNONREF//1FT17235ST9C9   
Deposito cheque OIC
:62M:C170907MZN26199964,77
-}{1:F01DEUTDEFFXXXX6234777150}{2:O9400709170907UNICMZMXXXXX08981001031709070709N}{3:{108:1814808469.16}}{4:
:20:20170906-71
:25:00000019710
:28C:71/18
:60M:C170907MZN26199964,77
:61:1708230823CN464920,00NCMINONREF//TT1723531RK4    
Deposito numerario
:61:1708230823DN3000,00NTRF00000007731//160FT17235WXPD4 
Pagto cheque Uni OIC
:61:1708230823DN14000,00NTRF00000007738//160FT17235V1QSG 
Pagto cheque Uni OIC
:61:1708230823DN60813,91NTRF00000007701//160FT17235JZ4D3 
Pagto cheque Uni OIC
:61:1708250823CN1918312,00NTRFNONREF//1FT17235CMDRP   
Deposito cheque OIC
:61:1708250823CN405400,50NTRFNONREF//1FT17235C961F   
Deposito cheque OIC
:61:1708230823DN1215913,28NCMI0000007732//TT17235VK496    
Lev cheque Unico
:61:1708230823DN3941,00NCMI0000007734//TT17235JMGL2    
Lev cheque Unico
:61:1708230823DN903530,73NCMI0000007733//TT17235J0P3W    
Lev cheque Unico
:61:1708230823DN3941,00NCMI0000007735//TT17235SP4WF    
Lev cheque Unico
:61:1708280824CN391858,50NTRFNONREF//1FT17236VK2NN   
Deposito cheque OIC
:61:1708280824CN699459,00NTRFNONREF//1FT17236246WL   
Deposito cheque OIC
:61:1708280824CN450445,00NTRFNONREF//1FT17236VH197   
Deposito cheque OIC
:61:1708240824CN2185121,20NCHK0000000229//TT17236JZBN5    
Credito Cheque sobre Nos
:61:1708240824CN1650000,00NCHK0000000019//TT172368DMYJ    
Credito Cheque sobre Nos
:61:1708280824CN355415,90NTRFNONREF//1FT172363WK5K   
Deposito cheque OIC
:61:1708240824DN3000,00NCHK0000007743//TT17236Y0QRH    
Cheque sobre Nos
:62M:C170907MZN32512756,95
-}{1:F01DEUTDEFFXXXX6379019642}{2:O9400709170907UNICMZMXXXXX08981001041709070709N}{3:{108:1814808469.17}}{4:
:20:20170906-71
:25:00000019710
:28C:71/19
:60M:C170907MZN32512756,95
:61:1708240824DN16000,00NTRF00000007739//172FT17236CKM14 
Pagto cheque Uni OIC
:61:1708240824DN13440,99NTRF00000007727//172FT17236L3MT7 
Pagto cheque Uni OIC
:61:1708240824DN98280,00NTRF00000007745//172FT17236MZ1CJ 
Pagto cheque Uni OIC
:61:1708240824DN7581,60NTRF00000007736//172FT17236RSRKT 
Pagto cheque Uni OIC
:61:1708240824DN149021,49NTRF00000007699//172FT17236RWF3X 
Pagto cheque Uni OIC
:61:1708240824DN1197,21NTRF00000007742//172FT172362CRRV 
Pagto cheque Uni OIC
:61:1708240824DN12000,00NTRF00000007748//172FT172365SZKN 
Pagto cheque Uni OIC
:61:1708250825DN15688890,57NTRFNONREF//1FT17237KBRBB   
Bulkpayments-Supplier
:61:1708250825DN1,2NSECCHG1723752448//CHG1723752448   
IS art 19.2.4
:61:1708250825DN60,NCOMCHG1723752448//CHG1723752448   
Pagamento de comissao
:61:1708250825DN2,2NSECCHG1723752449//CHG1723752449   
IS art 19.2.4
:61:1708250825DN110,NCOMCHG1723752449//CHG1723752449   
Pagamento de comissao
:61:1708290825CN39115,44NTRFNONREF//1FT17237YW7B6   
Deposito cheque OIC
:61:1708290825CN92202,00NTRFNONREF//1FT17237BW8J7   
Deposito cheque OIC
:61:1708290825CN322707,00NTRFNONREF//1FT17237621PV   
Deposito cheque OIC
:61:1708290825CN750000,00NTRFNONREF//1FT17237NYXK9   
Deposito cheque OIC
:61:1708250825DN71,40FCHGPGT SALARIO AGOS//FT17237V5M4Y    
Com Trf intrab client dif balc
:62M:C170907MZN17730124,73
-}{1:F01DEUTDEFFXXXX1005125580}{2:O9400709170907UNICMZMXXXXX08981001051709070709N}{3:{108:1814808469.18}}{4:
:20:20170906-71
:25:00000019710
:28C:71/20
:60M:C170907MZN17730124,73
:61:1708250825DN34647,00NTRFPGT SALARIO AGOS//1FT17237V5M4Y   
Trf intrab client dif balc
:61:1708250825DN71,40FCHGPGT SALARIO AGST//FT172373D9C0    
Com Trf intrab client dif balc
:61:1708250825DN85647,00NTRFPGT SALARIO AGST//1FT172373D9C0   
Trf intrab client dif balc
:61:1708250825DN71,40FCHGPGT SALARIO AGOS//FT172376J6PP    
Com Trf intrab client dif balc
:61:1708250825DN101098,70NTRFPGT SALARIO AGOS//1FT172376J6PP   
Trf intrab client dif balc
:61:1708290825CN547032,50NTRFNONREF//1FT17237BN9WK   
Deposito cheque OIC
:61:1708250825DN219680,15NTRF00000007744//172FT17237MJ7CV 
Pagto cheque Uni OIC
:61:1708250825DN655200,00NTRF00000007737//172FT1723744PKD 
Pagto cheque Uni OIC
:61:1708280828CN585000,00NCMINONREF//TT17240FBFP8    
Deposito numerario
:61:1708280828CN600000,00NCHK0000000020//TT172408VGJF    
Credito Cheque sobre Nos
:61:1708280828DN15200,00NCMI0000007755//TT172409TCQP    
Lev cheque Unico
:61:1708300828CN501490,40NTRFNONREF//1FT17240RTMDV   
Deposito cheque OIC
:61:1708300828CN1920232,80NTRFNONREF//1FT17240WTHS8   
Deposito cheque OIC
:61:1708280828DN277303,41NTRF00000007700//172FT17240C1840 
Pagto cheque Uni OIC
:61:1708280828DN34807,50NTRF00000007751//172FT17240CXDZ3 
Pagto cheque Uni OIC
:61:1708280828DN3126,00NTRF00000007761//172FT17240FG3QV 
Pagto cheque Uni OIC
:62M:C170907MZN20457027,87
-}{1:F01DEUTDEFFXXXX1063214107}{2:O9400709170907UNICMZMXXXXX08981001061709070709N}{3:{108:1814808469.19}}{4:
:20:20170906-71
:25:00000019710
:28C:71/21
:60M:C170907MZN20457027,87
:61:1708280828DN12604,23NTRF00000007747//172FT17240FK0J8 
Pagto cheque Uni OIC
:61:1708280828DN18300,00NTRF00000007760//172FT17240N8T4H 
Pagto cheque Uni OIC
:61:1708280828DN353790,04NTRF00000007754//172FT17240S2FLC 
Pagto cheque Uni OIC
:61:1708280828DN346828,03NTRF00000007728//172FT1724083BWF 
Pagto cheque Uni OIC
:61:1708280828DN164291,40NTRF00000007619//172FT172403Y8X6 
Pagto cheque Uni OIC
:61:1708280828DN109278,00NTRF00000007749//172FT17240Z9N12 
Pagto cheque Uni OIC
:61:1708310829CN161650,00NTRFNONREF//1FT17241YFLJS   
Deposito cheque OIC
:61:1708310829CN191784,40NTRFNONREF//1FT1724162Q6C   
Deposito cheque OIC
:61:1708310829CN1570704,80NTRFNONREF//1FT17241JC463   
Deposito cheque OIC
:61:1708310829CN469633,00NTRFNONREF//1FT17241YZG83   
Deposito cheque OIC
:61:1708310829CN46101,00NTRFNONREF//1FT1724159X00   
Deposito cheque OIC
:61:1708310829CN46101,00NTRFNONREF//1FT17241ZCTLR   
Deposito cheque OIC
:61:1708310829CN835843,20NTRFNONREF//1FT17241N3CPH   
Deposito cheque OIC
:61:1708310829CN69151,50NTRFNONREF//1FT17241VMDKW   
Deposito cheque OIC
:61:1708310829CN69151,50NTRFNONREF//1FT17241JM57Q   
Deposito cheque OIC
:61:1708290829CN92202,00NCHK0000002023//TT17241MLGQ0    
Credito Cheque sobre Nos
:61:1708290829DN43783,00NTRF00000007763//172FT172416390R 
Pagto cheque Uni OIC
:62M:C170907MZN22960475,57
-}{1:F01DEUTDEFFXXXX5318410875}{2:O9400709170907UNICMZMXXXXX08981001071709070709N}{3:{108:1814808469.20}}{4:
:20:20170906-71
:25:00000019710
:28C:71/22
:60M:C170907MZN22960475,57
:61:1708290829DN470340,00NTRF00000007752//172FT1724182CB4 
Pagto cheque Uni OIC
:61:1708290829DN97246,00NTRF00000007692//172FT17241WF5G7 
Pagto cheque Uni OIC
:61:1708290829DN7939,00NTRF00000007764//172FT17241M6ZRD 
Pagto cheque Uni OIC
:61:1708290829DN98373,60NTRF00000007762//172FT17241J8D0P 
Pagto cheque Uni OIC
:61:1708290829DN161525,52NTRF00000007746//172FT17241F70SZ 
Pagto cheque Uni OIC
:61:1708310829CN300000,00NTRFNONREF//1FT17241HJQH0   
Deposito cheque OIC
:61:1708290829CN770000,00NCHK0000000021//TT17241LQ1BS    
Credito Cheque sobre Nos
:61:1708290829DN72575,00NCHK0000007750//TT17241QDDZ5    
Cheque sobre Nos
:61:1708290829CN896716,00NTRFBONGAS MOZ PETR0//1FT17241FD83V   
Transf intrab clientes dif IB
:61:1709010830CN442893,00NTRFNONREF//1FT1724264LSR   
Deposito cheque OIC
:61:1709010830CN1419784,60NTRFNONREF//1FT172423S424   
Deposito cheque OIC
:61:1708300830CN132190,50NCHK0000000567//TT1724298Y3X    
Credito Cheque sobre Nos
:61:1708300830CN200000,00NCHK0000000568//TT17242PKHKJ    
Credito Cheque sobre Nos
:61:1708300830DN105123,92NTRF00000007741//172FT1724234J22 
Pagto cheque Uni OIC
:61:1708300830DN6885,00NTRF00000007765//172FT172421NYTW 
Pagto cheque Uni OIC
:61:1708300830DN2615,00NTRF00000007757//172FT17242QQ0X8 
Pagto cheque Uni OIC
:62M:C170907MZN26099436,63
-}{1:F01DEUTDEFFXXXX5318410877}{2:O9400709170907UNICMZMXXXXX08981001081709070709N}{3:{108:1814808469.21}}{4:
:20:20170906-71
:25:00000019710
:28C:71/23
:60M:C170907MZN26099436,63
:61:1709010830CN82076,67NTRFNONREF//1FT17242TSS1V   
Deposito cheque OIC
:61:1709010830CN239234,50NTRFNONREF//1FT17242W2QD5   
Deposito cheque OIC
:61:1708300830CN1529359,20NCHK0000001720//TT17242CN7F0    
Credito Cheque sobre Nos
:61:1708300830DN587141,87NCMI0000007771//TT17242LJFFQ    
Lev cheque Unico
:61:1708300830DN3933,00NCMI0000007772//TT17242D7L8B    
Lev cheque Unico
:61:1709040831CN74222,46NTRFNONREF//1FT172434SF42   
Deposito cheque OIC
:61:1709040831CN237130,92NTRFNONREF//1FT17243BRP7H   
Deposito cheque OIC
:61:1709040831CN750000,00NTRFNONREF//1FT17243KD81K   
Deposito cheque OIC
:61:1709040831CN138550,23NTRFNONREF//1FT17243XM33Y   
Deposito cheque OIC
:61:1709040831CN46101,00NTRFNONREF//1FT17243NBD5S   
Deposito cheque OIC
:61:1708310831CN375387,40NCHK0000000569//TT17243TR85N    
Credito Cheque sobre Nos
:61:1708310831CN1529359,20NCHK0000001721//TT17243K5V4V    
Credito Cheque sobre Nos
:61:1708310831DN5780,00NTRF00000007777//172FT1724341YXW 
Pagto cheque Uni OIC
:61:1708310831DN60000,00NTRF00000007778//172FT172431H5ZM 
Pagto cheque Uni OIC
:61:1708310831DN132009,63NTRF00000007781//172FT17243H9ZC4 
Pagto cheque Uni OIC
:61:1708310831DN90119,25NTRF00000007786//172FT17243GTFLQ 
Pagto cheque Uni OIC
:61:1708310831DN29140,02NTRF00000007787//172FT17243D4HS1 
Pagto cheque Uni OIC
:62M:C170907MZN30192734,44
-}{1:F01DEUTDEFFXXXX6234777151}{2:O9400709170907UNICMZMXXXXX08981001091709070709N}{3:{108:1814808469.22}}{4:
:20:20170906-71
:25:00000019710
:28C:71/24
:60M:C170907MZN30192734,44
:61:1708310831DN10530,00NTRF00000007773//172FT17243CTVP1 
Pagto cheque Uni OIC
:61:1708310831DN19422,00NTRF00000007783//172FT17243BH3CB 
Pagto cheque Uni OIC
:61:1708310831CN990000,00NCHK0000000022//TT17243HT7N9    
Credito Cheque sobre Nos
:61:1708310831DN11939,00NCHK0000007768//TT17243K8XMJ    
Cheque sobre Nos
:61:1709010831CN371327,59NINTNONREF//00000019710     
Juros credores
:61:1709010831DN74265,52NLDPNONREF//00000019710     
IRPC art 62 e 67
:61:1709010901CN63767,34NTRFNONREF//1FT17244ZVM9R   
Transferencia recebida OIC
:61:1709050901CN750000,00NTRFNONREF//1FT17244HKBSK   
Deposito cheque OIC
:61:1709050901CN138550,00NTRFNONREF//1FT17244P8CMM   
Deposito cheque OIC
:61:1709050901CN325385,20NTRFNONREF//1FT17244TK2B8   
Deposito cheque OIC
:61:1709050901CN230505,00NTRFNONREF//1FT17244P75D9   
Deposito cheque OIC
:61:1709010901CN287676,60NCHK0000000570//TT17244X9N33    
Credito Cheque sobre Nos
:61:1709050901CN515394,48NTRFNONREF//1FT17244YNVQM   
Deposito cheque OIC
:61:1709010901DN18229,52NTRF00000007780//172FT17244LRMBH 
Pagto cheque Uni OIC
:61:1709010901DN35126,00NTRF00000007790//172FT17244M94MZ 
Pagto cheque Uni OIC
:61:1709010901DN145073,99NTRF00000007766//172FT17244MB526 
Pagto cheque Uni OIC
:61:1709010901DN10990,00NTRF00000007793//172FT172446FCDR 
Pagto cheque Uni OIC
:62M:C170907MZN33539764,62
-}{1:F01DEUTDEFFXXXX6379019643}{2:O9400709170907UNICMZMXXXXX08981001101709070709N}{3:{108:1814808469.23}}{4:
:20:20170906-71
:25:00000019710
:28C:71/25
:60M:C170907MZN33539764,62
:61:1709010901DN9360,00NTRF00000007788//172FT17244RQ87T 
Pagto cheque Uni OIC
:61:1709010901DN5244,52NTRF00000007779//172FT17244RFTJ4 
Pagto cheque Uni OIC
:61:1709010901DN10748,17NTRF00000007740//172FT17244PVZ3M 
Pagto cheque Uni OIC
:61:1709010901CN1971762,00NCHK0000000230//TT17244JJN2Q    
Credito Cheque sobre Nos
:61:1709010901DN3942,00NCMI0000007804//TT17244JX4S5    
Lev cheque Unico
:61:1709010901DN27685,00NCMI0000007792//TT17244KCXP8    
Lev cheque Unico
:61:1709010901DN3942,00NCMI0000007805//TT172449YLTJ    
Lev cheque Unico
:61:1709010901DN868928,23NCMI0000007803//TT17244V9KHB    
Lev cheque Unico
:61:1709010901DN3981324,21NCMI0000007827//TT17244Z1878    
Lev cheque Unico
:61:1709010901DN436752,51NCMI0000007802//TT17244331G7    
Lev cheque Unico
:61:1709040904CN940000,00NCHK0000000023//TT172474WF3T    
Credito Cheque sobre Nos
:61:1709060904CN1920232,80NTRFNONREF//1FT17247RNXLN   
Deposito cheque OIC
:61:1709040904DN10522106,11NTRFNONREF//1FT17247PZLH4   
Bulkpayments-Supplier
:61:1709040904DN1,2NSECCHG1724776986//CHG1724776986   
IS art 19.2.4
:61:1709040904DN60,NCOMCHG1724776986//CHG1724776986   
Pagamento de comissao
:61:1709040904DN2,2NSECCHG1724776988//CHG1724776988   
IS art 19.2.4
:61:1709040904DN110,NCOMCHG1724776988//CHG1724776988   
Pagamento de comissao
:62M:C170907MZN22501553,27
-}{1:F01DEUTDEFFXXXX1005125581}{2:O9400709170907UNICMZMXXXXX08981001111709070709N}{3:{108:1814808469.24}}{4:
:20:20170906-71
:25:00000019710
:28C:71/26
:60M:C170907MZN22501553,27
:61:1709060904CN1000000,00NTRFNONREF//1FT172476KBGV   
Deposito cheque OIC
:61:1709060904CN184404,00NTRFNONREF//1FT172479NKQT   
Deposito cheque OIC
:61:1709060904CN597382,60NTRFNONREF//1FT17247665M6   
Deposito cheque OIC
:61:1709040904CN380000,00NCHK0000000024//TT17247TBGZR    
Credito Cheque sobre Nos
:61:1709040904DN61425,00NTRF00000007806//172FT17247BDF68 
Pagto cheque Uni OIC
:61:1709040904DN16800,00NTRF00000007784//172FT17247P0VNT 
Pagto cheque Uni OIC
:61:1709040904DN56997,84NTRF00000007799//172FT17247QG9XB 
Pagto cheque Uni OIC
:61:1709040904DN77394,84NCHK0000007796//TT17247FP3JM    
Cheque sobre Nos
:61:1709050905DN1758168,00NTRF00000007828//172FT17248GYFVW 
Pagto cheque Uni OIC
:61:1709050905DN2728,70NTRF00000007816//172FT17248QY0S8 
Pagto cheque Uni OIC
:61:1709050905DN29105,48NTRF00000007776//172FT17248SB8LM 
Pagto cheque Uni OIC
:61:1709050905DN9126,00NTRF00000007770//172FT17248WGG44 
Pagto cheque Uni OIC
:61:1709050905DN533907,27NTRF00000007810//172FT17248LSRZF 
Pagto cheque Uni OIC
:61:1709050905DN139793,12NTRF00000007808//172FT17248YP34J 
Pagto cheque Uni OIC
:61:1709050905DN74947,77NTRF00000007785//172FT172489L0YT 
Pagto cheque Uni OIC
:61:1709050905DN10603,86NCHK0000007812//TT17248P6HVY    
Cheque sobre Nos
:61:1709050905DN139770,00NCHK0000007830//TT17248TT0RQ    
Cheque sobre Nos
:62M:C170907MZN21752571,99
-}{1:F01DEUTDEFFXXXX1063214108}{2:O9400709170907UNICMZMXXXXX08981001121709070709N}{3:{108:1814808469.25}}{4:
:20:20170906-71
:25:00000019710
:28C:71/27
:60M:C170907MZN21752571,99
:61:1709050905DN65635,00NCHK0000007836//TT172489JTB9    
Cheque sobre Nos
:61:1709080905CN375510,97NTRFNONREF//1FT17248X51FJ   
Deposito cheque OIC
:61:1709050905CN225387,40NCHK0000000572//TT17248LTV5N    
Credito Cheque sobre Nos
:61:1709050905CN46101,00NCHK0000002028//TT172485WPL1    
Credito Cheque sobre Nos
:61:1709050905CN404142,50NTRFBONGAS MOZ PETRO//1FT17248CQWCW   
Transf intrab clientes dif IB
:61:1709050905DN52802,00NCHK0000007832//TT17248R9T3V    
Cheque sobre Nos
:61:1709050905DN19652,14NCHK0000007813//TT17248T0HK6    
Cheque sobre Nos
:61:1709060906CN118769,55NTRFNONREF//1FT17249DP91J   
Transferencia recebida OIC
:61:1709060906DN1545703,74NTRFNONREF//1FT172492YQXN   
Bulkpayments-Supplier
:61:1709060906DN2,2NSECCHG1724984758//CHG1724984758   
IS art 19.2.4
:61:1709060906DN110,NCOMCHG1724984758//CHG1724984758   
Pagamento de comissao
:61:1709060906DN2,4NSECCHG1724984759//CHG1724984759   
IS art 19.2.4
:61:1709060906DN120,NCOMCHG1724984759//CHG1724984759   
Pagamento de comissao
:61:1709060906DN7585366,40NTRFNONREF//1FT172499MLQ0   
Bulkpayments-Supplier
:61:1709060906DN1743,30NCHK0000007821//TT17249VDFKZ    
Cheque sobre Nos
:61:1709110906CN69151,50NTRFNONREF//1FT17249TVB1J   
Deposito cheque OIC
:61:1709110906CN78529,23NTRFNONREF//1FT17249XKPDT   
Deposito cheque OIC
:62M:C170907MZN13799026,96
-}{1:F01DEUTDEFFXXXX5525741528}{2:O9400709170907UNICMZMXXXXX08981001131709070709N}{3:{108:1814808469.26}}{4:
:20:20170906-71
:25:00000019710
:28C:71/28
:60M:C170907MZN13799026,96
:61:1709110906CN46101,00NTRFNONREF//1FT172490Z05W   
Deposito cheque OIC
:61:1709110906CN191784,40NTRFNONREF//1FT172490D7KT   
Deposito cheque OIC
:61:1709110906CN92202,00NTRFNONREF//1FT17249GB3LP   
Deposito cheque OIC
:61:1709110906CN303039,30NTRFNONREF//1FT17249S8P46   
Deposito cheque OIC
:61:1709110906CN3399899,60NTRFNONREF//1FT17249ZZHY4   
Deposito cheque OIC
:61:1709110906CN92202,00NTRFNONREF//1FT17249SRCG4   
Deposito cheque OIC
:61:1709110906CN1250000,00NTRFNONREF//1FT17249J221J   
Deposito cheque OIC
:61:1709110906CN236618,80NTRFNONREF//1FT172499MS1Z   
Deposito cheque OIC
:61:1709110906CN325385,20NTRFNONREF//1FT172494H0C2   
Deposito cheque OIC
:61:1709110906CN350000,00NTRFNONREF//1FT17249860FQ   
Deposito cheque OIC
:61:1709110906CN922020,00NTRFNONREF//1FT172495CBF2   
Deposito cheque OIC
:61:1709110906CN37711,44NTRFNONREF//1FT17249JSXK1   
Deposito cheque OIC
:61:1709110906CN46101,00NTRFNONREF//1FT17249861R9   
Deposito cheque OIC
:61:1709110906CN301370,94NTRFNONREF//1FT17249HFM0Q   
Deposito cheque OIC
:61:1709110906CN299660,00NTRFNONREF//1FT172494HTYP   
Deposito cheque OIC
:61:1709110906CN92202,00NTRFNONREF//1FT17249L4WND   
Deposito cheque OIC
:61:1709110906CN46101,00NTRFNONREF//1FT17249XSXWH   
Deposito cheque OIC
:62M:C170907MZN21831425,64
-}{1:F01DEUTDEFFXXXX5318410881}{2:O9400710170907UNICMZMXXXXX08981001141709070710N}{3:{108:1814808469.27}}{4:
:20:20170906-71
:25:00000019710
:28C:71/29
:60M:C170907MZN21831425,64
:61:1709110906CN46101,00NTRFNONREF//1FT172492X8WB   
Deposito cheque OIC
:61:1709110906CN750000,00NTRFNONREF//1FT17249JQLHY   
Deposito cheque OIC
:61:1709110906CN450445,00NTRFNONREF//1FT17249BRKBT   
Deposito cheque OIC
:61:1709110906CN138500,00NTRFNONREF//1FT17249GRDKR   
Deposito cheque OIC
:61:1709110906CN582611,61NTRFNONREF//1FT17249H5CH9   
Deposito cheque OIC
:61:1709060906CN125000,00NTRFPM FRUTAS LIBOMB//1FT17249Q0Y5L   
Transf intrab clientes dif IB
:61:1709060906DN28124,01NCMI0000007845//TT172493JZK8    
Lev cheque Unico
:61:1709060906DN3835,00NTRF00000007797//172FT17249CPY0K 
Pagto cheque Uni OIC
:61:1709060906DN84825,00NTRF00000007800//172FT17249DCYFL 
Pagto cheque Uni OIC
:61:1709060906DN1395,00NTRF00000007729//172FT17249DQJ5L 
Pagto cheque Uni OIC
:61:1709060906DN15910,00NTRF00000007789//172FT17249GWDD2 
Pagto cheque Uni OIC
:61:1709060906DN13675,00NTRF00000007824//172FT17249LDR7J 
Pagto cheque Uni OIC
:61:1709060906DN646454,00NTRF00000007842//172FT17249M6MN1 
Pagto cheque Uni OIC
:61:1709060906DN7600,00NTRF00000007817//172FT17249MWMTM 
Pagto cheque Uni OIC
:61:1709060906DN5400,00NTRF00000007838//172FT17249NRD0B 
Pagto cheque Uni OIC
:61:1709060906DN1264638,96NTRF00000007833//172FT17249PCZYN 
Pagto cheque Uni OIC
:62M:C170907MZN21852226,28
-}{1:F01DEUTDEFFXXXX5318410882}{2:O9400710170907UNICMZMXXXXX08981001151709070711N}{3:{108:1814808469.28}}{4:
:20:20170906-71
:25:00000019710
:28C:71/30
:60M:C170907MZN21852226,28
:61:1709060906DN9020,00NTRF00000007837//172FT17249SGS4F 
Pagto cheque Uni OIC
:61:1709110906CN445836,15NTRFNONREF//1FT172499XWKJ   
Deposito cheque OIC
:61:1709060906CN1593802,80NCHK0000001727//TT17249LQCT4    
Credito Cheque sobre Nos
:61:1709110906CN397382,60NTRFNONREF//1FT17249FHGC8   
Deposito cheque OIC
:61:1709060906DN63694,34NTRF00000007823//172FT1724958QMG 
Pagto cheque Uni OIC
:61:1709060906DN60683,51NTRF00000007767//172FT17249Z0P2S 
Pagto cheque Uni OIC
:61:1709060906DN123786,00NTRF00000007807//172FT172493BBJJ 
Pagto cheque Uni OIC
:61:1709060906DN7714,00NTRF00000007712//172FT17249XQJRZ 
Pagto cheque Uni OIC
:61:1709060906DN16760,00NTRF00000007794//172FT172494VZ2T 
Pagto cheque Uni OIC
:61:1709060906DN18200,00NTRF00000007815//172FT172495DP52 
Pagto cheque Uni OIC
:61:1709060906DN137860,94NTRF00000007844//172FT172497S5DH 
Pagto cheque Uni OIC
:61:1709060906DN45619,05NTRF00000007825//172FT17249VX2L4 
Pagto cheque Uni OIC
:61:1709060906DN96161,76NTRF00000007829//172FT1724917X18 
Pagto cheque Uni OIC
:61:1709060906DN15105,42NCHK0000007850//TT17249KNP8J    
Cheque sobre Nos
:62F:C170907MZN23694642,81
:64:C170907MZN12328176,07
-}{1:F01DEUTDEFFXXXX6234777153}{2:O9400710170907UNICMZMXXXXX08981001181709070711N}{3:{108:1814808470.02}}{4:
:20:20170906-65
:25:00000019808
:28C:65/1
:60F:C170805USD325,84
:61:1709010831CD0,03NINTNONREF//00000019808     
Juros credores
:61:1709010831DD0,01NLDPNONREF//00000019808     
IRPC art 62 e 67
:62F:C170907USD325,86
:64:C170907USD325,86
-}