{1:F01INGBBGSFXXXX0000000000}{2:I940INGBBGSFXXXXN}{4:
:20:STMT201807026391755
:25:BG06INGB91451401511510
:28C:129
:60F:D180629EUR6320001,47
:61:1806300702D7134,60NODCEREF//18260131218875
/TRCD/09101/
:86:/EREF/INGBG20180702SBG1213429//IREF/AMSbf4e7b0db9f3abf14047bd2c10
7f//REMI/USTD//DEBIT INTEREST EUR 7,134.60 - PERIOD 01JUN2018-30J
UN2018/
:61:1806300702C0,00NINTEREF//18260131219580
/TRCD/09102/
:86:/EREF/INGBG20180702SBG1213830//IREF/AMSda8c0dadf6d1601dfea7255b3c
c4//REMI/USTD//GROSS CREDIT INTEREST EUR 0.00 - PERIOD 01JUN2018-
30JUN2018 - WHT ON INTEREST 0.00PCT/
:61:1807020702D593,23NCHGEREF//18270132003776
/TRCD/09001/
:86:/EREF/BG0000007451//IREF/10000000055785835000010000010000001//REM
I/USTD//CHARGES SETTLED FOR ACCOUNT BG06INGB91451401511510, REFER
ENCE BG0000007451 FOR THE PERIOD OF 01-06-2018 UNTIL 30-06-2018/
:61:1807020702D206,04NTRFEREF//18270132299854
/TRCD/12345/
:86:/EREF/TFS2001093075624//IREF/10000000055808042000010000010000001/
/REMI/USTD//BGBTFSICL0000074/
:61:1807020702C130209,03NTRFIREF//18270133407234
/TRCD/00561/
:86:/IREF/GE2018070223176D//CNTP/RS35170000030086532015/BACXRSBGXXX/A
PATINSKA PIVARA APATIN DOO///REMI/USTD///INV/PO SPECIFIKACIJI    
          EUR 130.234,03 LESS CHGS//CHGS/EUR25,00/
:61:1807020702C9493,44NTRFIREF//18270133559548
/TRCD/00564/
:86:/IREF/H01807026198264//CNTP/ME25550005010001322088/PDBPMEPG/INDUS
TRIJA PIVA I SOKOVA TREBJESA///REMI/USTD///INV/0102519537/538/
:61:1807020702C3997,23NTRFIREF//18270133561368
/TRCD/00100/
:86:/IREF/XW3000-CT2018-07-02-12.05.46.130523//CNTP/DE272003030001011
95900/CHDBDEHHXXX/Systempack-Manufaktur Michael Schlegel,Vormals/
//REMI/USTD//Invoice nr. 0102524815-1P discou 83,77 - CreditNota 
0103401188 4296,00/
:61:1807020702C34730,60NTRFIREF//18270133561370
/TRCD/00100/
:86:/IREF/CB20180702L1218183A5831634000000003//CNTP/DE547814000002403
66500/COBADEFFXXX/SYSTEMPACK MANUFAKTUR GMBH///REMI/USTD//Invoice
 nr. 0102524877+78+79+965+66abzgl. EUR 350,81 Skonto/
:62F:D180702EUR6149505,04
:64:D180702EUR6149505,04
:86:/NAME/BA Glass Bulgaria AD//BIC/INGBBGSF//SUM/3/5/7933,87/178430,
30/
-}{1:F01INGBBGSFXXXX0000000000}{2:I940INGBBGSFXXXXN}{4:
:20:STMT201807036484767
:25:BG06INGB91451401511510
:28C:130
:60F:D180702EUR6149505,04
:62F:D180703EUR6149505,04
:64:D180703EUR6149505,04
:86:/NAME/BA Glass Bulgaria AD//BIC/INGBBGSF//SUM/0/0/0,00/0,00/
-}{1:F01INGBBGSFXXXX0000000000}{2:I940INGBBGSFXXXXN}{4:
:20:STMT201807046572741
:25:BG06INGB91451401511510
:28C:131
:60F:D180703EUR6149505,04
:61:1807040704C147181,82NTRFIREF//18270136032456
/TRCD/00561/
:86:/IREF/H01807046131258//CNTP/GR4801102000000020044045217/ETHNGRAA/
SAN GLASS AE///REMI/USTD//INVS 09/03/2018-20/03/2018//CHGS/EUR0,0
0/
:61:1807040704C17365,29NTRFIREF//18270136549211
/TRCD/00100/
:86:/IREF/CB20180704L721818584052309000000003//CNTP/DE547814000002403
66500/COBADEFFXXX/SYSTEMPACK MANUFAKTUR GMBH///REMI/USTD//Invoice
 nr. 0102525075+5248 abzgl. EUR 175,41 Skonto/
:61:1807040704C58190,16NTRFIREF//18270136549215
/TRCD/00100/
:86:/IREF/011807040CKKOD//CNTP/RO85BTRLEURCRT0349172201/BTRLRO22/TC R
OM GLASS DISTRIBUTIE SRL///REMI/USTD//INVOICES/
:61:1807040704D14358,74NTRFIREF//18270136717583
/TRCD/00100/
:86:/IREF/10000000055927793000010000010000001//CNTP/ES472100437629020
0053955/CAIXESBB/VIDRIERIAS PEREZ CAMPOS SL///REMI/USTD//PAYMENT 
REFUND/
:61:1807040704D1634,90NTRFIREF//18270136717584
/TRCD/00100/
:86:/IREF/10000000055927793000010000020000001//CNTP/IT73B020084025100
0401257574/UNCRITM1629/GRUPPO VETRO SOMMA SRL///REMI/USTD//PAYMEN
T REFUND/
:61:1807040704C111482,56NTRFNONREF//18270136781414
/TRCD/00100/
:86:/CNTP/NL89BNPA0227919351/BNPANL2AXXX/HEINEKEN GLOBAL PROCUREMENT 
B.V.///REMI/USTD//Pay.ad.fr.04.07.2018/
:62F:D180704EUR5831278,85
:64:D180704EUR5831278,85
:86:/NAME/BA Glass Bulgaria AD//BIC/INGBBGSF//SUM/2/4/15993,64/334219
,83/
-}{1:F01INGBBGSFXXXX0000000000}{2:I940INGBBGSFXXXXN}{4:
:20:STMT201807056660681
:25:BG06INGB91451401511510
:28C:132
:60F:D180704EUR5831278,85
:61:1807050705C17422,80NTRFNONREF//18270137335160
/TRCD/00100/
:86:/CNTP/AT441200000467632501/BKAUATWW/BURIAN TRADEPACK KG///REMI/US
TD//inv. 102523751, 102523465/
:62F:D180705EUR5813856,05
:64:D180705EUR5813856,05
:86:/NAME/BA Glass Bulgaria AD//BIC/INGBBGSF//SUM/0/1/0,00/17422,80/
-}{1:F01INGBBGSFXXXX0000000000}{2:I940INGBBGSFXXXXN}{4:
:20:STMT201807066744499
:25:BG06INGB91451401511510
:28C:133
:60F:D180705EUR5813856,05
:61:1807060706C206965,86NTRFIREF//18270138605845
/TRCD/00561/
:86:/IREF/GE2018070620884D//CNTP/GB35NWBK60720520515863/NWBKGB2LXXX/G
LASSWORKS INTERNATIONAL LTD T A GL///REMI/USTD//GLASSWORKS INTERN
ATIONAL LTD/
:61:1807060706C8588,33NTRFIREF//18270138953881
/TRCD/00100/
:86:/IREF/018201818500000000063614//CNTP/GR5202605200000110200079309/
ERBKGRAAXXX/EUROGLASS EISAGOGIKI SYSKEVASION A E///REMI/USTD//010
2519005 14022018 EUROGLASS SA INV 0102519005/
:61:1807060706C14978,00NTRFIREF//18270139312312
/TRCD/00564/
:86:/IREF/H01807066171766//CNTP/RS35275000022092023582/SOGYRSBG/SIGOC
 DOO SIMANOVCI///REMI/USTD//Placanje iz otkupa,invoice 0102513578
,jci 130113/9495,0102513883,lrn 1710035802000401531,0102513950,jc
i 13013/9698,0102514575,jci13013/10181/
:62F:D180706EUR5583323,86
:64:D180706EUR5583323,86
:86:/NAME/BA Glass Bulgaria AD//BIC/INGBBGSF//SUM/0/3/0,00/230532,19/
-}{1:F01INGBBGSFXXXX0000000000}{2:I940INGBBGSFXXXXN}{4:
:20:STMT201807096832574
:25:BG06INGB91451401511510
:28C:134
:60F:D180706EUR5583323,86
:61:1807090709C43413,23NTRFIREF//18280141465032
/TRCD/00100/
:86:/IREF/CB20180709LV21819094607394000000002//CNTP/DE547814000002403
66500/COBADEFFXXX/SYSTEMPACK MANUFAKTUR GMBH///REMI/USTD//Invoice
 nr. 0102525298+398+480+82+83abzgl. EUR 438,52 Skonto/
:62F:D180709EUR5539910,63
:64:D180709EUR5539910,63
:86:/NAME/BA Glass Bulgaria AD//BIC/INGBBGSF//SUM/0/1/0,00/43413,23/
-}{1:F01INGBBGSFXXXX0000000000}{2:I940INGBBGSFXXXXN}{4:
:20:STMT201807106922675
:25:BG06INGB91451401511510
:28C:135
:60F:D180709EUR5539910,63
:62F:D180710EUR5539910,63
:64:D180710EUR5539910,63
:86:/NAME/BA Glass Bulgaria AD//BIC/INGBBGSF//SUM/0/0/0,00/0,00/
-}{1:F01INGBBGSFXXXX0000000000}{2:I940INGBBGSFXXXXN}{4:
:20:STMT201807117011393
:25:BG06INGB91451401511510
:28C:136
:60F:D180710EUR5539910,63
:61:1807110711C145433,72NTRFIREF//18280143816620
/TRCD/00561/
:86:/IREF/H01807116121152//CNTP/GR4801102000000020044045217/ETHNGRAA/
SAN GLASS AE///REMI/USTD//INV D.D 20-30/3/2018//CHGS/EUR0,00/
:61:1807110711C115192,89NTRFNONREF//18280144299650
/TRCD/00100/
:86:/CNTP/NL89BNPA0227919351/BNPANL2AXXX/HEINEKEN GLOBAL PROCUREMENT 
B.V.///REMI/USTD//Pay.ad.fr.11.07.2018/
:62F:D180711EUR5279284,02
:64:D180711EUR5279284,02
:86:/NAME/BA Glass Bulgaria AD//BIC/INGBBGSF//SUM/0/2/0,00/260626,61/
-}{1:F01INGBBGSFXXXX0000000000}{2:I940INGBBGSFXXXXN}{4:
:20:STMT201807127100028
:25:BG06INGB91451401511510
:28C:137
:60F:D180711EUR5279284,02
:61:1807120712D150000,00NTRFEREF//18280144814796
/TRCD/12345/
:86:/EREF/FXN26662879//IREF/10000000056212200000010000010000001//REMI
/USTD//FXFORWARD TRADE 26662879 WITH ING BANK N.V., SOFIA BRANCH 
SOING SELLS BGN 292899.60 EXCHANGE RATE 1.952664/
:61:1807120712D8091,14NTRFEREF//18280145338220
/TRCD/00561/
:86:/EREF/WB6947852//IREF/10000000056232397000010000030000001//CNTP/2
6009057000858/PBANUA2X/JSC BIOMEDSKLO///REMI/USTD//INVOICE 51/
:61:1807120712D651,28NTRFIREF//18280145338663
/TRCD/00100/
:86:/IREF/10000000056232398000010000310000001//CNTP/GB63LOYD309542864
59637/LOYDGB21004/RENOLD POWER TRANSMISSION LTD///REMI/USTD//INV.
 1714795/
:61:1807120712D10428,30NTRFEREF//18280145338664
/TRCD/00100/
:86:/EREF/0000014247//IREF/10000000056232398000010000090000001//CNTP/
IT90I0306910200100000010919/BCITITMM/BOTTERO SPA///REMI/USTD//INV
/20905 5.4.2018INV/21132 24.4.2018INV/21111 24.4.2018/
:61:1807120712D7557,50NTRFEREF//18280145338665
/TRCD/00100/
:86:/EREF/0000014246//IREF/10000000056232398000010000080000001//CNTP/
BE29472301455164/KREDBEBB/OMCO INTERNATIONAL NV///REMI/USTD//INV/
0013181105 22.2.2018INV/0013181395 6.3.2018/
:61:1807120712D1977,50NTRFEREF//18280145338666
/TRCD/00100/
:86:/EREF/0000014245//IREF/10000000056232398000010000070000001//CNTP/
FR7617806008690412217278908/AGRIFRPP878/A L RONDOT S.A.///REMI/US
TD//INV/0000017949 27.3.2018INV/17948 27.3.2018INV/000018183 18.4
.2018/
:61:1807120712D3859,44NTRFEREF//18280145338667
/TRCD/00100/
:86:/EREF/NOT PROVIDED//IREF/10000000056232398000010000270000001//CNT
P/DE43670700100030234900/DEUTDESM/MASCHINENFABRIK GUSTAV EIRICH//
/REMI/USTD//PROFORMA/
:61:1807120712D17570,52NTRFEREF//18280145338668
/TRCD/00100/
:86:/EREF/0000014243//IREF/10000000056232398000010000050000001//CNTP/
ES3530080150791924320227/BCOEESMM008/GRUPO LOGISTICO ARNEDO///REM
I/USTD//ADV/0000014243 12.7.2018/
:61:1807120712D34734,94NTRFEREF//18280145338669
/TRCD/00100/
:86:/EREF/0000014254//IREF/10000000056232398000010000150000001//CNTP/
IT68Z062251210507400434819P/BCITITMM/PLASTOTECHNICA SPA.///REMI/U
STD//INV/600291 30.3.2018/
:61:1807120712D11798,00NTRFIREF//18280145338670
/TRCD/00100/
:86:/IREF/10000000056232398000010000230000001//CNTP/GR830140703072200
2320000021/CRBAGRAA/ERGOTRANS LTD///REMI/USTD//BY LIST/
:61:1807120712D40575,60NTRFEREF//18280145338671
/TRCD/00100/
:86:/EREF/0000014249//IREF/10000000056232398000010000110000001//CNTP/
DE70505700180156802100/DEUTDEFF505/CPL CARTONPLAST GROUP GMBH///R
EMI/USTD//ADV/0000014249 12.7.2018/
:61:1807120712D5943,00NTRFIREF//18280145338672
/TRCD/00100/
:86:/IREF/10000000056232398000010000300000001//CNTP/DE563605010500012
28360/SPESDE3E/HARALD HACKS///REMI/USTD//proforma invoice/
:61:1807120712D18642,00NTRFEREF//18280145338673
/TRCD/00100/
:86:/EREF/0000014255//IREF/10000000056232398000010000160000001//CNTP/
NL81DEUT0427414008/DEUTNL2A/UTRACO///REMI/USTD//INV/0003803570 16
.3.2018INV/3803571 16.3.2018INV/0003803565 7.3.2018/
:61:1807120712D4447,18NTRFEREF//18280145338674
/TRCD/00100/
:86:/EREF/0000014257//IREF/10000000056232398000010000180000001//CNTP/
SK4975000000004001969874/CEKOSKBX/BONUM S.R.O.///REMI/USTD//INV/0
1062018 1.6.2018/
:61:1807120712D653,00NTRFIREF//18280145338675
/TRCD/00100/
:86:/IREF/10000000056232398000010000280000001//CNTP/IT65U053876599000
0000928809/BPMOIT22/ALL GLASS SRL///REMI/USTD//PROFORMA INVOICE/
:61:1807120712D7420,00NTRFEREF//18280145338676
/TRCD/00100/
:86:/EREF/0000014241//IREF/10000000056232398000010000030000001//CNTP/
ES3421002734510200046359/CAIXESBB/VIDREMOT, S.A.///REMI/USTD//INV
/0000000242 9.4.2018/
:61:1807120712D12007,50NTRFEREF//18280145338677
/TRCD/00100/
:86:/EREF/0000014250//IREF/10000000056232398000010000120000001//CNTP/
IT83Y0200889800000104391741/UNCRITM1NC5/GLASSMOULDS SRL///REMI/US
TD//INV/0000014218 22.3.2018INV/0000014118 22.3.2018/
:61:1807120712D5062,77NTRFEREF//18280145338678
/TRCD/00100/
:86:/EREF/0000014251//IREF/10000000056232398000010000320000001//CNTP/
GR6401408020802002002005310/CRBAGRAA/IBM HELLAS SYSTEM///REMI/UST
D//INV/0005090215 30.4.2018INV/0005090546 31.5.2018/
:61:1807120712D21277,69NTRFEREF//18280145338679
/TRCD/00100/
:86:/EREF/notrovided//IREF/10000000056232398000010000220000001//CNTP/
BG03BPBI99201401010104/BPBIBGSF/EUROBANK BULGARIA AD///REMI/USTD/
/by list/
:61:1807120712D14374,70NTRFIREF//18280145338680
/TRCD/00100/
:86:/IREF/10000000056232398000010000330000001//CNTP/CY910180000100002
00100012347/ERBKCY2N/WARKENTIN VENTURES LTD///REMI/USTD//BY LIST/
:61:1807120712D681,68NTRFEREF//18280145338681
/TRCD/00100/
:86:/EREF/not provided//IREF/10000000056232398000010000290000001//CNT
P/DE43200100200030287209/PBNKDEFF/ACMOS CHEMIE KG///REMI/USTD//pr
oforma/
:61:1807120712D4821,25NTRFEREF//18280145338682
/TRCD/00100/
:86:/EREF/0000014240//IREF/10000000056232398000010000020000001//CNTP/
GB10HBUK40127669750794/HBUKGB4B/PENNINE INDUSTRIAL EQUIPMENT, LTD
///REMI/USTD//INV/167178 24.5.2018/
:61:1807120712D1850,00NTRFEREF//18280145338683
/TRCD/00100/
:86:/EREF/0000014242//IREF/10000000056232398000010000040000001//CNTP/
FR7630076028631685070020046/NORDFRPP/SYSTEM RES, SARL///REMI/USTD
//INV/1800327 22.3.2018/
:61:1807120712D29441,50NTRFIREF//18280145338684
/TRCD/00100/
:86:/IREF/10000000056232398000010000240000001//CNTP/PT500033000000004
82780551/BCOMPTPL/INTERMOLDE///REMI/USTD//BY LIST/
:61:1807120712D3680,00NTRFEREF//18280145338685
/TRCD/00100/
:86:/EREF/0000014252//IREF/10000000056232398000010000130000001//CNTP/
IT60H0306930040100000001318/BCITITMM/TURMOND S.P.A///REMI/USTD//I
NV/339 28.5.2018/
:61:1807120712D105019,20NTRFEREF//18280145338686
/TRCD/00100/
:86:/EREF/0000014253//IREF/10000000056232398000010000140000001//CNTP/
IT66Q0634064990100000002548/BCITITMM/KARTON S.P.A.///REMI/USTD//I
NV/1692 27.4.2018INV/1910 4.5.2018INV/1884 2.5.2018/
:61:1807120712D3660,49NTRFEREF//18280145338687
/TRCD/00100/
:86:/EREF/0000014248//IREF/10000000056232398000010000100000001//CNTP/
GB83LOYD30974386243952/LOYDGB21440/HUNPRENCO PRECISION ENGINEERS 
LTD///REMI/USTD//INV/0000080426 31.5.2018/
:61:1807120712D34936,36NTRFEREF//18280145338688
/TRCD/00100/
:86:/EREF/0000014258//IREF/10000000056232398000010000190000001//CNTP/
IT16J0311111800000000011145/BLOPIT22317/CROCCO S.P.A.///REMI/USTD
//INV/0000002522 3.5.2018/
:61:1807120712D79958,40NTRFEREF//18280145338689
/TRCD/00100/
:86:/EREF/0000014256//IREF/10000000056232398000010000170000001//CNTP/
RO76BACX0000000876832001/BACXROBU/COMPANY GREEN GLASS RECYCLING S
A///REMI/USTD//INV/20181012 31.3.2018INV/20181013 11.4.2018INV/20
181014 16.4.2018INV/20181015 18.4.2018/
:61:1807120712D55600,00NTRFIREF//18280145338690
/TRCD/00100/
:86:/IREF/10000000056232398000010000260000001//CNTP/AT873200000000510
289/RLNWATWW/LKW WALTER INTERNATIONALE///REMI/USTD//BY LIST/
:61:1807120712D25807,50NTRFEREF//18280145338691
/TRCD/00100/
:86:/EREF/NOT PROVIDED//IREF/10000000056232398000010000200000001//CNT
P/PT50001000001450598000135/BBPIPTPL/LIZMONTAGENS SA///REMI/USTD/
/by list/
:61:1807120712D197,50NTRFEREF//18280145338692
/TRCD/00100/
:86:/EREF/0000014239//IREF/10000000056232398000010000010000001//CNTP/
PT50004513704025393563018/CCCMPTPL/FERREIRA, BARROS FILHOS, LDA./
//REMI/USTD//INV/7622 28.5.2018/
:61:1807120712D295,09NTRFEREF//18280145338693
/TRCD/00100/
:86:/EREF/NOT PROVIDED//IREF/10000000056232398000010000210000001//CNT
P/DE18478601250039903100/GENODEM1GTL/FEMODO///REMI/USTD//by list/
:61:1807120712D3740,00NTRFEREF//18280145338694
/TRCD/00100/
:86:/EREF/0000014244//IREF/10000000056232398000010000060000001//CNTP/
PT50001800031926667502047/TOTAPTPL/SAVINO DEL BENE PORTUGUESA///R
EMI/USTD//INV/5831 4.5.2018INV/5832 4.5.2018/
:61:1807120712D426,03NTRFEREF//18280145379699
/TRCD/00561//OCMT/GBP370,00/
:86:/EREF/WB6947899//IREF/10000000056232397000010000040000001//CNTP/G
B08YORK05023049206977/YORKGB22/BRIAN TOTTY SIGNS AND DESIGN LTD./
//REMI/USTD//INVOICE//EXCH/0,8685/
:61:1807120712D4087,86NTRFEREF//18280145379701
/TRCD/00561//OCMT/USD4690,40/
:86:/EREF/WB6948015//IREF/10000000056232397000010000010000001//CNTP/3
23040667/CHASUS33/CORHART REFRACTORIES///REMI/USTD//INVOICESABA C
ODE - 021000021//EXCH/1,1474/
:61:1807120712D1282,91NTRFEREF//18280145379703
/TRCD/00561//OCMT/USD1472,00/
:86:/EREF/WB6947865//IREF/10000000056232397000010000060000001//CNTP/1
207041109814119980/ICBKCNBJZJP/SHENLI FAN CO LTD///REMI/USTD//PRO
FORMA//EXCH/1,1474/
:61:1807120712D1978,14NTRFEREF//18280145379705
/TRCD/00561//OCMT/GBP1718,01/
:86:/EREF/WB6947837//IREF/10000000056232397000010000020000001//CNTP/G
B17MIDL40230501068253/HBUKGB4B/PARKINSON-SPENSER REFRACTORIES LTD
///REMI/USTD//BY LIST//EXCH/0,8685/
:61:1807120712C8550,89NTRFIREF//18280145438239
/TRCD/00100/
:86:/IREF/CB20180712L721819395427496000000002//CNTP/DE547814000002403
66500/COBADEFFXXX/SYSTEMPACK MANUFAKTUR GMBH///REMI/USTD//Invoice
 nr. 0102525759 abzgl. EUR 86,37 Skonto/
:61:1807120712D43996,07NTRFIREF//18280145464096
/TRCD/00100/
:86:/IREF/10000000056232398000010000250000001//CNTP/CH460483502654945
2015/CRESCHZZ80A/EMHART GLASS SA///REMI/USTD//BY LIST/
:62F:D180712EUR6049265,17
:64:D180712EUR6049265,17
:86:/NAME/BA Glass Bulgaria AD//BIC/INGBBGSF//SUM/39/1/778532,04/8550
,89/
-}{1:F01INGBBGSFXXXX0000000000}{2:I940INGBBGSFXXXXN}{4:
:20:STMT201807137175568
:25:BG06INGB91451401511510
:28C:138
:60F:D180712EUR6049265,17
:61:1807130713C219880,83NTRFIREF//18280146089108
/TRCD/00561/
:86:/IREF/GE2018071317636D//CNTP/GB35NWBK60720520515863/NWBKGB2LXXX/G
LASSWORKS INTERNATIONAL LTD T A GL///REMI/USTD//GLASSWORKS INTERN
ATIONAL LTD/
:61:1807130713D7591,88NTRFEREF//18280146676113
/TRCD/00551//OCMT/PLN32321,25/
:86:/EREF/WB6947836//IREF/10000000056232397000010000050000001//CNTP/P
L13105000861000009030651567/INGBPLPW/FRUCTUS AGROS NOVA SP ZOO SP
K///REMI/USTD//PAYMENT RETURN//EXCH/4,25735/
:62F:D180713EUR5836976,22
:64:D180713EUR5836976,22
:86:/NAME/BA Glass Bulgaria AD//BIC/INGBBGSF//SUM/1/1/7591,88/219880,
83/
-}{1:F01INGBBGSFXXXX0000000000}{2:I940INGBBGSFXXXXN}{4:
:20:STMT201807167278168
:25:BG06INGB91451401511510
:28C:139
:60F:D180713EUR5836976,22
:61:1807160716C15593,03NTRFNONREF//18290147815033
/TRCD/00100/
:86:/CNTP/AT441200000467632501/BKAUATWW/BURIAN TRADEPACK KG///REMI/US
TD//inv. 102524037, 102524359/
:61:1807160716C5389,97NTRFIREF//18290147815694
/TRCD/00561/
:86:/IREF/GE2018071609471D//CNTP/MK07200000712406695/STOBMK2XXXX/PIVA
RA AD///REMI/USTD//0102520820//CHGS/EUR15,00/
:61:1807160716C15148,00NTRFIREF//18290148835910
/TRCD/00564/
:86:/IREF/ASW85899/160718//CNTP/RS35205007010030307630/KOBBRSBG/FLUID
I DOO PRESEVO///REMI/USTD///INV/0102523556,0102523594         DD 
29.05.2018./
:61:1807160716C6652,59NTRFIREF//18290149010748
/TRCD/00100/
:86:/IREF/XW3000-CT2018-07-16-11.05.22.987260//CNTP/DE272003030001011
95900/CHDBDEHHXXX/Systempack-Manufaktur Michael Schlegel,Vormals/
//REMI/USTD//Invoice nr. 0102525844 abzgl. EUR 67,20 Skonto/
:62F:D180716EUR5794192,63
:64:D180716EUR5794192,63
:86:/NAME/BA Glass Bulgaria AD//BIC/INGBBGSF//SUM/0/4/0,00/42783,59/
-}{1:F01INGBBGSFXXXX0000000000}{2:I940INGBBGSFXXXXN}{4:
:20:STMT201807177365630
:25:BG06INGB91451401511510
:28C:140
:60F:D180716EUR5794192,63
:62F:D180717EUR5794192,63
:64:D180717EUR5794192,63
:86:/NAME/BA Glass Bulgaria AD//BIC/INGBBGSF//SUM/0/0/0,00/0,00/
-}{1:F01INGBBGSFXXXX0000000000}{2:I940INGBBGSFXXXXN}{4:
:20:STMT201807187456470
:25:BG06INGB91451401511510
:28C:141
:60F:D180717EUR5794192,63
:61:1807180718D1100,00NTRFEREF//18290150640387
/TRCD/00100/
:86:/EREF/notprovided//IREF/10000000056436927000010000010000001//CNTP
/GR2801402320232002002006360/CRBAGRAA/PKF CONSULTING SINGLE MEMBE
R P.C///REMI/USTD//audit fee/
:61:1807180718C43872,08NTRFEREF//18290151072850
/TRCD/00561/
:86:/EREF/PER SPECIFICATIO//IREF/GE2018071821630D//CNTP/RS35150007010
001807043/KRAGRS22XXX/KNJAZ MILOS AD///REMI/USTD///RFB/PER SPECIF
ICATION//CHGS/EUR10,00/
:61:1807180718C30853,00NTRFIREF//18290151179849
/TRCD/00564/
:86:/IREF/H01807186117383//CNTP/RS35275000022092023582/SOGYRSBG/SIGOC
 DOO SIMANOVCI///REMI/USTD//iz otkupa 12,680 eur+dev 18195 eur iz
nosi ukupno 30875 eur/
:61:1807180718C7957,81NTRFIREF//18290151332446
/TRCD/00100/
:86:/IREF/XW3000-CT2018-07-18-11.05.47.729713//CNTP/DE272003030001011
95900/CHDBDEHHXXX/Systempack-Manufaktur Michael Schlegel,Vormals/
//REMI/USTD//Invoice nr. 0102526004+26006 abzgl. EUR 80,38 Skonto
/
:61:1807180718C113745,63NTRFNONREF//18290151332448
/TRCD/00100/
:86:/CNTP/NL89BNPA0227919351/BNPANL2AXXX/HEINEKEN GLOBAL PROCUREMENT 
B.V.///REMI/USTD//Pay.ad.fr.18.07.2018/
:61:1807180718C12574,84NTRFIREF//18290151345139
/TRCD/00561/
:86:/IREF/1450031230881//CNTP/MK07530901000118146/OHRDMK22XXX/PIVARA 
SKOPJE A D///REMI/USTD//0102521312                         010252
1356/
:62F:D180718EUR5586289,27
:64:D180718EUR5586289,27
:86:/NAME/BA Glass Bulgaria AD//BIC/INGBBGSF//SUM/1/5/1100,00/209003,
36/
-}{1:F01INGBBGSFXXXX0000000000}{2:I940INGBBGSFXXXXN}{4:
:20:STMT201807197545875
:25:BG06INGB91451401511510
:28C:142
:60F:D180718EUR5586289,27
:61:1807190719C7833,15NTRFIREF//18290152208639
/TRCD/00100/
:86:/IREF/CB20180719LV21820083051637000000003//CNTP/DE547814000002403
66500/COBADEFFXXX/SYSTEMPACK MANUFAKTUR GMBH///REMI/USTD//Invoice
 nr. 0102526219 abzgl. EUR 79,12 Skonto/
:62F:D180719EUR5578456,12
:64:D180719EUR5578456,12
:86:/NAME/BA Glass Bulgaria AD//BIC/INGBBGSF//SUM/0/1/0,00/7833,15/
-}{1:F01INGBBGSFXXXX0000000000}{2:I940INGBBGSFXXXXN}{4:
:20:STMT201807207633551
:25:BG06INGB91451401511510
:28C:143
:60F:D180719EUR5578456,12
:61:1807200720C268306,85NTRFIREF//18290153075352
/TRCD/00561/
:86:/IREF/GE2018072013910D//CNTP/GB35NWBK60720520515863/NWBKGB2LXXX/G
LASSWORKS INTERNATIONAL LTD T A GL///REMI/USTD//GLASSWORKS INTERN
ATIONAL LTD/
:62F:D180720EUR5310149,27
:64:D180720EUR5310149,27
:86:/NAME/BA Glass Bulgaria AD//BIC/INGBBGSF//SUM/0/1/0,00/268306,85/
-}