{1:F01INGBBGSFXXXX0000000000}{2:I940INGBBGSFXXXXN}{4:
:20:STMT201808018355246
:25:BG06INGB91451401511510
:28C:151
:60F:D180731EUR6212464,80
:61:1807310801C0,00NINTEREF//18310167810299
/TRCD/09102/
:86:/EREF/INGBG20180801SBG1365422//IREF/AMSe58e6c3666c014203985189833
66//REMI/USTD//GROSS CREDIT INTEREST EUR 0.00 - PERIOD 01JUL2018-
31JUL2018 - WHT ON INTEREST 0.00PCT/
:61:1807310801D5923,96NODCEREF//18310167810811
/TRCD/09101/
:86:/EREF/INGBG20180801SBG1365021//IREF/AMS461b0fed63bdb379ff6a4278b3
84//REMI/USTD//DEBIT INTEREST EUR 5,923.96 - PERIOD 01JUL2018-31J
UL2018/
:61:1808010801C112101,75NTRFIREF//18310168460574
/TRCD/00561/
:86:/IREF/H01808016194944//CNTP/GR4801102000000020044045217/ETHNGRAA/
SAN GLASS AE///REMI/USTD//invs 03/04/2018-13/04/2018//CHGS/EUR0,0
0/
:61:1808010801C124392,09NTRFIREF//18310168461138
/TRCD/00100/
:86:/IREF/027201821200000000020265//CNTP/GR4801100800000008054509859/
ETHNGRAA/NATIONAL TECHNICAL UNIVERSITY OF ATHENS///REMI/USTD//CON
TRACT NO. CO2 GLASS/
:61:1808010801C46668,72NTRFNONREF//18310169142032
/TRCD/00100/
:86:/CNTP/NL89BNPA0227919351/BNPANL2AXXX/HEINEKEN GLOBAL PROCUREMENT 
B.V.///REMI/USTD//Pay.ad.fr.01.08.2018/
:62F:D180801EUR5935226,20
:64:D180801EUR5935226,20
:86:/NAME/BA Glass Bulgaria AD//BIC/INGBBGSF//SUM/1/4/5923,96/283162,
56/
-}{1:F01INGBBGSFXXXX0000000000}{2:I940INGBBGSFXXXXN}{4:
:20:STMT201808028444933
:25:BG06INGB91451401511510
:28C:152
:60F:D180801EUR5935226,20
:61:1808020802D1319,00NCHGEREF//18310169510548
/TRCD/09001/
:86:/EREF/BG0000008430//IREF/10000000056992006000010000010000001//REM
I/USTD//CHARGES SETTLED FOR ACCOUNT BG06INGB91451401511510, REFER
ENCE BG0000008430 FOR THE PERIOD OF 01-07-2018 UNTIL 31-07-2018/
:61:1808020802C7833,15NTRFIREF//18310169610766
/TRCD/00100/
:86:/IREF/CB20180801L7218213F4028158000000006//CNTP/DE547814000002403
66500/COBADEFFXXX/SYSTEMPACK MANUFAKTUR GMBH///REMI/USTD//Invoice
 nr. 0102526871 abzgl. EUR 79,12 Skonto/
:61:1808020802C123548,78NTRFIREF//18310169777961
/TRCD/00561/
:86:/IREF/H01808026112037//CNTP/GR4801102000000020044045217/ETHNGRAA/
SAN GLASS AE///REMI/USTD//IINVS 03/05/2018-10/05/2018//CHGS/EUR0,
00/
:61:1808020802C33245,83NTRFEREF//18310170160077
/TRCD/00564/
:86:/EREF/SPEC//IREF/H01808026115130//CNTP/ME25550005010001322088/PDB
PMEPG/INDUSTRIJA PIVA I SOKOVA TREBJESA///REMI/USTD///RFB/SPEC/
:61:1808020802C74000,19NTRFIREF//18310170303363
/TRCD/00561/
:86:/IREF/GE2018080226977D//CNTP/RS35170000030086532791/BACXRSBGXXX/A
PATINSKA PIVARA APATIN DOO///REMI/USTD///INV/PO SPECIFIKACIJI    
          EUR 74.025,19 LESS CHGS//CHGS/EUR25,00/
:62F:D180802EUR5697917,25
:64:D180802EUR5697917,25
:86:/NAME/BA Glass Bulgaria AD//BIC/INGBBGSF//SUM/1/4/1319,00/238627,
95/
-}{1:F01INGBBGSFXXXX0000000000}{2:I940INGBBGSFXXXXN}{4:
:20:STMT201808038530290
:25:BG06INGB91451401511510
:28C:153
:60F:D180802EUR5697917,25
:61:1808030803C27014,31NTRFIREF//18310170939721
/TRCD/00561/
:86:/IREF/GE2018080313387D//CNTP/GB35NWBK60720520515863/NWBKGB2LXXX/G
LASSWORKS INTERNATIONAL LTD T A GL//
:61:1808030803C14978,00NTRFIREF//18310171544516
/TRCD/00564/
:86:/IREF/H01808036135274//CNTP/RS35275000022092023582/SOGYRSBG/SIGOC
 DOO SIMANOVCI///REMI/USTD//placanje iz otkupa,invoice 0102516534
 jci 13013/11460,invoice 0102516644,jci 13013/11597,invoice 01025
17488,jci 13013/22/11,01,2018/
:62F:D180803EUR5655924,94
:64:D180803EUR5655924,94
:86:/NAME/BA Glass Bulgaria AD//BIC/INGBBGSF//SUM/0/2/0,00/41992,31/
-}{1:F01INGBBGSFXXXX0000000000}{2:I940INGBBGSFXXXXN}{4:
:20:STMT201808068620028
:25:BG06INGB91451401511510
:28C:154
:60F:D180803EUR5655924,94
:61:1808060806C8571,16NTRFIREF//18320173388314
/TRCD/00100/
:86:/IREF/CB20180806LP21821894102689000000002//CNTP/DE547814000002403
66500/COBADEFFXXX/SYSTEMPACK MANUFAKTUR GMBH///REMI/USTD//Invoice
 nr. 0102526975 abzgl. EUR 86,58 Skonto/
:62F:D180806EUR5647353,78
:64:D180806EUR5647353,78
:86:/NAME/BA Glass Bulgaria AD//BIC/INGBBGSF//SUM/0/1/0,00/8571,16/
-}{1:F01INGBBGSFXXXX0000000000}{2:I940INGBBGSFXXXXN}{4:
:20:STMT201808078698664
:25:BG06INGB91451401511510
:28C:155
:60F:D180806EUR5647353,78
:61:1808070807C837402,00NTRFEREF//18320174188158
/TRCD/00100/
:86:/EREF/BA GLASS BULGARIA//IREF/BBPIPT080700017247//CNTP/PT50001000
003293145000241/BBPIPTPLXXX/BA GLASS I - SERV DE GEST E INVEST SA
///REMI/USTD//LAW DEBENTURE TRUST CORPORATION, PLC AMOUNT RECEIVE
D AT BBIG//PURP/OTHR/
:61:1808070807D694,00NTRFIREF//18320174541438
/TRCD/00100/
:86:/IREF/10000000057202998000010000070000001//CNTP/BG45FINV915010169
70305/FINVBGSF/VISTA INTERNATIONAL SPED LTD.///REMI/USTD//PROTOCO
L 4/
:61:1808070807D58132,90NTRFIREF//18320174541439
/TRCD/00100/
:86:/IREF/10000000057202998000010000030000001//CNTP/DE535032019103223
25851/HYVEDEMM430/RHI GLAS GMBH///REMI/USTD//by list/
:61:1808070807D48905,45NTRFIREF//18320174541440
/TRCD/00100/
:86:/IREF/10000000057202998000010000010000001//CNTP/DE677907001600140
16000/DEUTDEMM790/SORG FEUERUNGSBAU UND///REMI/USTD//by list/
:61:1808070807D1530,00NTRFIREF//18320174541441
/TRCD/00100/
:86:/IREF/10000000057202998000010000040000001//CNTP/DE153247007703187
73900/DEUTDEDD324/MSK VERPACKUNGS SYSTEME///REMI/USTD//PI 755601/
:61:1808070807D3390,00NTRFIREF//18320174541442
/TRCD/00100/
:86:/IREF/10000000057202998000010000060000001//CNTP/DE757902007600014
99211/HYVEDEMM455/NIKOLAUS SORG GMBH///REMI/USTD//inv.5041/
:61:1808070807D1100,00NTRFEREF//18320174541443
/TRCD/00100/
:86:/EREF/notprovided//IREF/10000000057202998000010000050000001//CNTP
/GR2801402320232002002006360/CRBAGRAA/PKF CONSULTING SINGLE MEMBE
R P.C///REMI/USTD//audit fee/
:61:1808070807D8115,12NTRFEREF//18320174560744
/TRCD/00100/
:86:/EREF/0000014877//IREF/10000000057203825000010000010000001//CNTP/
DE70505700180156802100/DEUTDEFF505/CPL CARTONPLAST GROUP GMBH///R
EMI/USTD//INV/0201811971 26.4.2018/
:61:1808070807D5485,20NTRFEREF//18320174560745
/TRCD/00100/
:86:/EREF/0000014878//IREF/10000000057203825000010000020000001//CNTP/
GR7502600150000750201113153/ERBKGRAA/CEKO ARQILEA ILIR (TSEKOS)//
/REMI/USTD//INV/0000000257 4.3.2018INV/0000000258 11.3.2018INV/00
00000260 25.3.2018INV/0000000263 31.3.2018/
:61:1808070807D18136,00NTRFEREF//18320174560746
/TRCD/00100/
:86:/EREF/not provided//IREF/10000000057203825000010000040000001//CNT
P/GR8401407030703002002014680/CRBAGRAA/ERGOTRANS LOGISTICS LTD///
REMI/USTD//by list/
:61:1808070807D7600,00NTRFEREF//18320174560747
/TRCD/00105/
:86:/EREF/0000014879//IREF/10000000057203825000010000030000001//CNTP/
NL40INGB0663261147/INGBNL2A/H.ESSERS TRANSPORT COMPANY BV///REMI/
USTD//INV/1180003383 12.6.2018INV/1180003386 12.6.2018INV/1180003
347 11.6.2018INV/1180003385 12.6.2018/
:61:1808070807D3793,10NTRFEREF//18320174708743
/TRCD/00561//OCMT/USD4319,50/
:86:/EREF/WB6991996//IREF/10000000057203000000010000010000001//CNTP/T
R540006200020700009094404/TGBATRIS/PYROTEK REFRAKTER SAN VE TIC L
TD///REMI/USTD//INV.1262//EXCH/1,13878/
:61:1808070807D33394,82NTRFIREF//18320174709297
/TRCD/00100/
:86:/IREF/10000000057202998000010000020000001//CNTP/CH460483502654945
2015/CRESCHZZ80A/EMHART GLASS SA///REMI/USTD//by list/
:61:1808070807C9729,00NTRFIREF//18320174750794
/TRCD/00100/
:86:/IREF/XW3000-CT2018-08-07-11.05.44.892672//CNTP/DE272003030001011
95900/CHDBDEHHXXX/Systempack-Manufaktur Michael Schlegel,Vormals/
//REMI/USTD//Invoice nr. 0102527162 abzgl. EUR 98,27 Skonto/
:62F:D180807EUR4990499,37
:64:D180807EUR4990499,37
:86:/NAME/BA Glass Bulgaria AD//BIC/INGBBGSF//SUM/12/2/190276,59/8471
31,00/
-}{1:F01INGBBGSFXXXX0000000000}{2:I940INGBBGSFXXXXN}{4:
:20:STMT201808088786719
:25:BG06INGB91451401511510
:28C:156
:60F:D180807EUR4990499,37
:61:1808080808C124328,03NTRFIREF//18320175210494
/TRCD/00561/
:86:/IREF/H01808086177870//CNTP/GR4801102000000020044045217/ETHNGRAA/
SAN GLASS AE///REMI/USTD//INVS 11/05/2018-28/05/2018//CHGS/EUR0,0
0/
:61:1808080808C111851,71NTRFIREF//18320175211065
/TRCD/00561/
:86:/IREF/H01808086178688//CNTP/GR4801102000000020044045217/ETHNGRAA/
SAN GLASS AE///REMI/USTD//invs 13/04/2018-24/04/2018//CHGS/EUR0,0
0/
:61:1808080808C37868,24NTRFNONREF//18320175932262
/TRCD/00100/
:86:/CNTP/NL89BNPA0227919351/BNPANL2AXXX/HEINEKEN GLOBAL PROCUREMENT 
B.V.///REMI/USTD//Pay.ad.fr.08.08.2018/
:62F:D180808EUR4716451,39
:64:D180808EUR4716451,39
:86:/NAME/BA Glass Bulgaria AD//BIC/INGBBGSF//SUM/0/3/0,00/274047,98/
-}{1:F01INGBBGSFXXXX0000000000}{2:I940INGBBGSFXXXXN}{4:
:20:STMT201808098874198
:25:BG06INGB91451401511510
:28C:157
:60F:D180808EUR4716451,39
:62F:D180809EUR4716451,39
:64:D180809EUR4716451,39
:86:/NAME/BA Glass Bulgaria AD//BIC/INGBBGSF//SUM/0/0/0,00/0,00/
-}{1:F01INGBBGSFXXXX0000000000}{2:I940INGBBGSFXXXXN}{4:
:20:STMT201808108963189
:25:BG06INGB91451401511510
:28C:158
:60F:D180809EUR4716451,39
:61:1808100810C20145,51NTRFIREF//18320177605281
/TRCD/00100/
:86:/IREF/EBANKGO79818832X//CNTP/GB35NWBK60720520515863/NWBKGB2LXXX/G
LASSWORKS INTERNATIONAL LTD T A GL//
:61:1808100810C6462,95NTRFIREF//18320177606465
/TRCD/00561/
:86:/IREF/GE2018081010036D//CNTP/MK07200000624847123/STOBMK2XXXX/PIVA
RA SKOPJE///REMI/USTD//0102522228//CHGS/EUR15,00/
:61:1808100810C8649,98NTRFIREF//18320178051639
/TRCD/00100/
:86:/IREF/CB20180810N721822291046736000000001//CNTP/DE547814000002403
66500/COBADEFFXXX/SYSTEMPACK MANUFAKTUR GMBH///REMI/USTD//Invoice
 nr. 0102527325 abzgl. EUR 87,37 Skonto/
:62F:D180810EUR4681192,95
:64:D180810EUR4681192,95
:86:/NAME/BA Glass Bulgaria AD//BIC/INGBBGSF//SUM/0/3/0,00/35258,44/
-}{1:F01INGBBGSFXXXX0000000000}{2:I940INGBBGSFXXXXN}{4:
:20:STMT201808139053873
:25:BG06INGB91451401511510
:28C:159
:60F:D180810EUR4681192,95
:61:1808130813C7574,00NTRFIREF//18330179189706
/TRCD/00564/
:86:/IREF/GE2018081030688D//CNTP/RS35205007010030307630/KOBBRSBG/FLUI
DI DOO PRESEVO///REMI/USTD///INV/0102524503 DD 120618/
:61:1808130813C826,25NTRFNONREF//18330179212964
/TRCD/00100/
:86:/CNTP/AT441200000467632501/BKAUATWW/BURIAN TRADEPACK KG///REMI/US
TD//Balance by 31.07.2018 like e-mail dtd. 10.08.2018/
:61:1808130813C7833,15NTRFIREF//18330179996908
/TRCD/00100/
:86:/IREF/CB20180813NC21822575941203000000002//CNTP/DE547814000002403
66500/COBADEFFXXX/SYSTEMPACK MANUFAKTUR GMBH///REMI/USTD//Invoice
 nr. 0102527379 abzgl. EUR 79,12 Skonto/
:62F:D180813EUR4664959,55
:64:D180813EUR4664959,55
:86:/NAME/BA Glass Bulgaria AD//BIC/INGBBGSF//SUM/0/3/0,00/16233,40/
-}{1:F01INGBBGSFXXXX0000000000}{2:I940INGBBGSFXXXXN}{4:
:20:STMT201808149141759
:25:BG06INGB91451401511510
:28C:160
:60F:D180813EUR4664959,55
:61:1808140814D7983,05NTRFEREF//18330180789946
/TRCD/00561/
:86:/EREF/WB6996146//IREF/10000000057420040000010000030000001//CNTP/2
6003001497625/UNJSUAUKXXX/PRJSC BIO MED SKLO///REMI/USTD//INV.85/
:61:1808140814D39323,61NTRFEREF//18330180791356
/TRCD/00100/
:86:/EREF/NOT PROVIEDED//IREF/10000000057420042000010000010000001//CN
TP/FI5981619710000661/DABAFIHH/CARLSBERG SUPPLY CO.///REMI/USTD//
INV..2093/
:61:1808140814D90350,19NTRFIREF//18330180791717
/TRCD/00100/
:86:/IREF/10000000057420042000010000030000001//CNTP/DE535032019103223
25851/HYVEDEMM430/RHI GLAS GMBH///REMI/USTD//ADVANCE PAYMENT 9219
9/
:61:1808140814C2864,00NTRFNONREF//18330180792740
/TRCD/00100/
:86:/CNTP/AT441200000467632501/BKAUATWW/BURIAN TRADEPACK KG///REMI/US
TD//payment doc. 0103401254 as deducted twice like correspondence
/
:61:1808140814D93200,44NTRFIREF//18330180793549
/TRCD/00100/
:86:/IREF/10000000057420042000010000020000001//CNTP/DE535032019103223
25851/HYVEDEMM430/RHI GLAS GMBH///REMI/USTD//ADVANCE PAYMENT 9220
0/
:61:1808140814D1345,66NTRFEREF//18330181146686
/TRCD/00561//OCMT/USD1507,40/
:86:/EREF/WB6996192//IREF/10000000057420040000010000010000001//CNTP/1
000153976/PNCCUS33/AGR INTERNATIONAL INC.///REMI/USTD//PROFORMA I
NVOICES 358.384.475PNC SORT 043000096//EXCH/1,1202/
:61:1808140814D3564,52NTRFEREF//18330181146692
/TRCD/00561//OCMT/GBP3130,00/
:86:/EREF/WB6996194//IREF/10000000057420040000010000020000001//CNTP/G
B32LOYD30975101430429/LOYDGB21040/IS MAINTENANCE LTD///REMI/USTD/
/INV.14476//EXCH/0,8781/
:61:1808140814C7833,15NTRFIREF//18330181213052
/TRCD/00100/
:86:/IREF/CB20180814M121822685101357000000002//CNTP/DE547814000002403
66500/COBADEFFXXX/SYSTEMPACK MANUFAKTUR GMBH///REMI/USTD//Invoice
 nr. 0102527748 abzgl. EUR 79,12 Skonto/
:62F:D180814EUR4890029,87
:64:D180814EUR4890029,87
:86:/NAME/BA Glass Bulgaria AD//BIC/INGBBGSF//SUM/6/2/235767,47/10697
,15/
-}{1:F01INGBBGSFXXXX0000000000}{2:I940INGBBGSFXXXXN}{4:
:20:STMT201808159243467
:25:BG06INGB91451401511510
:28C:161
:60F:D180814EUR4890029,87
:61:1808150815C6306,14NTRFIREF//18330182385854
/TRCD/00564/
:86:/IREF/H01808156165449//CNTP/RS35275000022092023582/SOGYRSBG/SIGOC
 DOO SIMANOVCI///REMI/USTD//placanje iz otkupa 4000 eur i 2.325,1
4 sa deviznog racuna,invoice 0102517488,jci 13013/224 i invoice 0
102517765,jci 13013/468/
:61:1808150815C11001,60NTRFIREF//18330182599001
/TRCD/00561/
:86:/IREF/1450031600285//CNTP/MK07210300000169615/TUTNMK22XXX/DIM KOM
ERC DOOEL VALANDOVO///REMI/USTD///INV/0102522872//0102523030/
:62F:D180815EUR4872722,13
:64:D180815EUR4872722,13
:86:/NAME/BA Glass Bulgaria AD//BIC/INGBBGSF//SUM/0/2/0,00/17307,74/
-}