{1:F01DEUTDEFFXXXX6378666986}{2:O9401652170828CGDIMZMAXXXX83357933391708281652N}{3:{108:1708260107450001}}{4:
:20:25AGO25AGO05869
:25:00063554510001
:28C:516/001
:60F:C170825MZN67554953,85
:61:1708250825C1954128,00NTRFNONREF//506149293
TRF : SFM MUSSAGY CHOKWE
:61:1708250825C1122460,00NCHKNONREF//506196267
POSTO DE ABASTECIM MAHOMED SHABIR
:61:1708260825C511521,00NCHKNONREF//506198197
DEPOSITO DE CHEQUES OIC NO. 707335
:61:1708260825C450445,00NCHKNONREF//506198837
DEPOSITO DE CHEQUES OIC NO. 707340
:61:1708260825C764262,00NCHKNONREF//506199308
DEPOSITO DE CHEQUES OIC NO. 707344
:61:1708250825C69151,50NCHKNONREF//506199614
DEP.CHQ. 707347162
:61:1708250825C46101,00NTRFNONREF//506207304
TRF : SFM MUSSAGY BOANE
:61:1708250825C46101,00NTRFNONREF//506211499
TRF : SFM MUSSAGY BOANE
:61:1708250825C801489,00NCHKNONREF//506219679
DEP.CHQ. 707523072
:61:1708250825C92700,00NCHKNONREF//506228102
DEP.CHQ. 707598502
:61:1708260825C2172600,04NCHKNONREF//506229597
DEPOSITO DE CHEQUES OIC NO. 707611
:61:1708260825C1130000,00NCHKNONREF//506232062
DEPOSITO DE CHEQUES OIC NO. 707635
:61:1708250825C1079304,09NCHKNONREF//506235643
DEP.CHQ. 707666812
:61:1708250825C2104111,00NCHKNONREF//506256114
DEP.CHQ. 707850842
:61:1708250825C208659,46NCHKNONREF//506256991
DEP.CHQ. 707858912
:61:1708250825C53820,00NCHKNONREF//506257810
DEP.CHQ. 707866082
:61:1708250825C208658,97NCHKNONREF//506271067
DEP.CHQ. 707984352
:61:1708250825C949328,00NCHKNONREF//506271834
DEP.CHQ. 707991202
:61:1708250825D3304415,48FTRFPAGTO SALARIO//506286681
PAGTO SALARIO
:61:1708250825D29951,22FMSCPAGTO SALARIO//506286681
COMISSAO/DESPESAS DE TEI 506286681
:61:1708250825D599,02NSTPPAGTO SALARIO//506286681
IMPOSTO DE SELO SOBRE DESPESA
:61:1708250825D627400,86NTRFNONREF//506286709
PAGTO SALARIO
:62M:C170825MZN77357427,33
-}{1:F01DEUTDEFFXXXX6233384374}{2:O9401652170828CGDIMZMAXXXX83357933381708281652N}{3:{108:1708260107450002}}{4:
:20:25AGO25AGO05869
:25:00063554510001
:28C:516/002
:60M:C170825MZN77357427,33
:61:1708250825D196,08NCHGNONREF//506286709
DESPESAS TRATAMENTO FICHEIRO PS2
:61:1708260825D3,92NSTPNONREF//506286709
IMPOSTO SELO S/COMISSAO FICHEIRO P
:61:1708250825D500,00NCHGNONREF//506286709
DESPESAS TRATAMENTO FICHEIRO PS2 U
:61:1708260825D10,00NSTPNONREF//506286709
IMPOSTO SELO S/COMISSAO TRAT. URGE
:61:1708250825D70,56NCOMNONREF//506286709
COMISSAO TRANSF.INTERNA
:61:1708260825D1,35NSTPNONREF//506286709
IMPOSTO SELO S/COMISSAO TRANSF.INT
:61:1708250825D92152,00FTRFNONREF//506292268
TRANS REF:TEI - BADRU CARIMO
:61:1708250825D318,63FMSCNONREF//506292268
COMISSAO/DESPESAS DE TEI 506292268
:61:1708250825D6,37NSTPNONREF//506292268
IMPOSTO DE SELO SOBRE COMISSAO
:61:1708250825D57543,00FTRFNONREF//506293383
TRANS REF:TEI - RUBEN COSSA
:61:1708250825D318,63FMSCNONREF//506293383
COMISSAO/DESPESAS DE TEI 506293383
:61:1708250825D6,37NSTPNONREF//506293383
IMPOSTO DE SELO SOBRE COMISSAO
:61:1708250825C46101,00NCHKNONREF//506294135
DEP.CHQ. 708185402
:61:1708250825C80088,84NCHKNONREF//506298292
DEP.CHQ. 708222762
:61:1708250825C1800000,00NMSCNONREF//506307188
DEP.NUM. 708329971
:61:1708250825C1741995,50NCHKNONREF//506332314
DEP.CHQ. 708608872
:61:1708250825C71733,60NCHKNONREF//506356817
DEP.CHQ. 708845756
:61:1708250825C46101,00NCHKNONREF//506358927
DEP.CHQ. 708865902
:61:1708250825C752361,00NTRFNONREF//506362230
TRANSF REF: SOCIEDADE SOMPEC
:61:1708250825C44756,49NCHKNONREF//506372454
DEP.CHQ. 708988952
:61:1708250825C587806,65NTRFNONREF//506389077
TRF : BONGAS MOZ PETROGAL
:61:1708250825D137455,88NTRFNONREF//506414162
TRANSF REF: JOSE BARBOSA
:62M:C170825MZN82239788,62
-}{1:F01DEUTDEFFXXXX5317008969}{2:O9401652170828CGDIMZMAXXXX83357933371708281652N}{3:{108:1708260107450003}}{4:
:20:25AGO25AGO05869
:25:00063554510001
:28C:516/003
:60M:C170825MZN82239788,62
:61:1708250825D117,65NTRFNONREF//506414162
COMISSOES TRANSFERENCIAS INTRABANC
:61:1708250825D2,35NTRFNONREF//506414162
DEB IS COBRANCA DE IMPOSTO DE SELO
:61:1708250825D118497,49NTRFNONREF//506411920
PAG.VODACOM7156V0247546B
:61:1708250825C357098,04NMSCNONREF//506480177
LISTAGEM 035
:61:1708250825C51150,10NMSCNONREF//506485937
FECHO TPA LOC. 00004123
:61:1708250825D6,73NMSCNONREF//506485937
COMISSAO-FECHO TPA LOC. 00004123
:61:1708250825C15917,85NMSCNONREF//506485937
FECHO TPA LOC. 00004122
:61:1708250825D17,20NMSCNONREF//506485937
COMISSAO-FECHO TPA LOC. 00004122
:61:1708250825C17273,20NMSCNONREF//506485937
FECHO TPA LOC. 00004122
:61:1708250825C4324,00NMSCNONREF//506485937
FECHO TPA LOC. 00004123
:61:1708250825C49611,20NMSCNONREF//506485937
FECHO TPA LOC. 00004123
:61:1708250825D48,51NMSCNONREF//506485937
COMISSAO-FECHO TPA LOC. 00004123
:61:1708250825C51758,90NMSCNONREF//506485937
FECHO TPA LOC. 00004122
:61:1708250825D188,71NMSCNONREF//506485937
COMISSAO-FECHO TPA LOC. 00004122
:62F:C170825MZN82668043,27
:64:C170825MZN421403780,19
-}{1:F01DEUTDEFFXXXX6378667323}{2:O9401705170828CGDIMZMAXXXX83357934271708281705N}{3:{108:1708270539530006}}{4:
:20:26AGO26AGO05953
:25:00063554510001
:28C:517/001
:60F:C170826MZN82668043,27
:61:1708260826C46101,00NCHKNONREF//506666465
DEP.CHQ. 711514352
:61:1708260826C1742525,00NCHKNONREF//506692617
DEP.CHQ. 711670762
:61:1708260826C12560,40NMSCNONREF//506778484
FECHO TPA LOC. 00004122
:61:1708260826D1,89NMSCNONREF//506778484
COMISSAO-FECHO TPA LOC. 00004122
:61:1708260826C1176,01NMSCNONREF//506778484
FECHO TPA LOC. 00004123
:61:1708260826C2265,00NMSCNONREF//506778484
FECHO TPA LOC. 00004123
:61:1708260826C18997,50NMSCNONREF//506778484
FECHO TPA LOC. 00004122
:61:1708260826C52271,80NMSCNONREF//506778484
FECHO TPA LOC. 00004123
:61:1708260826D40,13NMSCNONREF//506778484
COMISSAO-FECHO TPA LOC. 00004123
:61:1708260826C62020,50NMSCNONREF//506778484
FECHO TPA LOC. 00004122
:61:1708260826D35,62NMSCNONREF//506778484
COMISSAO-FECHO TPA LOC. 00004122
:62F:C170826MZN84605882,84
:64:C170826MZN423341619,76
-}{1:F01DEUTDEFFXXXX5317142907}{2:O9401751170831CGDIMZMAXXXX83387948591708311751N}{3:{108:1708300009250007}}{4:
:20:29AGO29AGO06123
:25:00063554510001
:28C:519/001
:60F:C170829MZN5028828,04
:61:1708300829C325385,20NCHKNONREF//507397146
DEPOSITO DE CHEQUES OIC NO. 718193
:61:1708300829C106028,55NCHKNONREF//507398667
DEPOSITO DE CHEQUES OIC NO. 718207
:61:1708300829C280000,00NCHKNONREF//507400529
DEPOSITO DE CHEQUES OIC NO. 718224
:61:1708290829C299000,00NMSCNONREF//507401051
DEP.NUM. 718229491
:61:1708300829C1620157,20NCHKNONREF//507402342
DEPOSITO DE CHEQUES OIC NO. 718240
:61:1708290829C266600,00NCHKNONREF//507402850
DEP.CHQ. 718245192
:61:1708300829C400000,00NCHKNONREF//507402986
DEPOSITO DE CHEQUES OIC NO. 718246
:61:1708300829C1462725,60NCHKNONREF//507403823
DEPOSITO DE CHEQUES OIC NO. 718254
:61:1708300829C467333,35NCHKNONREF//507404649
DEPOSITO DE CHEQUES OIC NO. 718261
:61:1708300829C322707,00NCHKNONREF//507405405
DEPOSITO DE CHEQUES OIC NO. 718268
:61:1708300829C147511,26NCHKNONREF//507406343
DEPOSITO DE CHEQUES OIC NO. 718277
:61:1708300829C400000,00NCHKNONREF//507407026
DEPOSITO DE CHEQUES OIC NO. 718282
:61:1708290829C46101,00NTRFNONREF//507418062
TRF : PETROGAL
:61:1708290829C92202,00NMSCNONREF//507428697
DEP.NUM. 718483141
:61:1708290829C83000,00NCHKNONREF//507432584
DEP.CHQ. 718524132
:61:1708290829C1741995,50NCHKNONREF//507432909
DEP.CHQ. 718527542
:61:1708290829C46101,00NCHKNONREF//507436447
DEP.CHQ. 718559482
:61:1708290829C69029,84NTRFNONREF//507457144
TRF : SFM MUSSAGY BOANE
:61:1708290829C1500000,00NCHKNONREF//507458118
DEP.CHQ. 718761502
:61:1708290829C46101,00NTRFNONREF//507458177
TRF : SFM MUSSAGY BOANE
:61:1708290829C130325,04NTRFNONREF//507480034
TRF : LUBRIFICANT
:61:1708290829C1114120,00NMSCNONREF//507492761
DEP.NUM. 719088532
:62M:C170829MZN15995251,58
-}{1:F01DEUTDEFFXXXX5317143015}{2:O9401752170831CGDIMZMAXXXX83387949021708311752N}{3:{108:1708300009250008}}{4:
:20:29AGO29AGO06123
:25:00063554510001
:28C:519/002
:60M:C170829MZN15995251,58
:61:1708280829C8000,00NMSCNONREF//507511201
DEP.NUM. 719272311
:61:1708280829C387358,80NMSCNONREF//507511373
DEP.NUM. 108968
:61:1708290829C776000,00NCHKNONREF//507524430
DEP.CHQ. 719392272
:61:1708290829D26899,00NCHKNONREF//507528634
CHQ.CAIXA 31028238
:61:1708290829C846525,20NTRFNONREF//507544338
TRF : BONGAS MOZ PETROGAL
:61:1708290829C2222939,08NTRFNONREF//507609155
TRF : ZAP FT 5499
:61:1708290829C91554,90NMSCNONREF//507611021
FECHO TPA LOC. 00004123
:61:1708290829D162,55NMSCNONREF//507611021
COMISSAO-FECHO TPA LOC. 00004123
:61:1708290829C11758,40NMSCNONREF//507611021
FECHO TPA LOC. 00004123
:61:1708290829C12324,00NMSCNONREF//507611021
FECHO TPA LOC. 00004122
:61:1708290829D2,58NMSCNONREF//507611021
COMISSAO-FECHO TPA LOC. 00004122
:61:1708290829C83322,70NMSCNONREF//507611021
FECHO TPA LOC. 00004123
:61:1708290829D212,04NMSCNONREF//507611021
COMISSAO-FECHO TPA LOC. 00004123
:61:1708290829D14875910,33FMSCNONREF//507624418
AMORTIZACAO DA CCC
:62F:C170829MZN5531848,16
:64:C170829MZN158742692,90
-}{1:F01DEUTDEFFXXXX5317143038}{2:O9401753170831CGDIMZMAXXXX83387949501708311753N}{3:{108:1708310047030007}}{4:
:20:30AGO30AGO06207
:25:00063554510001
:28C:520/001
:60F:C170830MZN5531848,16
:61:1708300830C200000,00NTRFNONREF//507686803
TRF : PAGAMENTO FATURA N 4942/17
:61:1708310830C360356,00NCHKNONREF//507695696
DEPOSITO DE CHEQUES OIC NO. 721092
:61:1708300830C69151,50NCHKNONREF//507697767
DEP.CHQ. 721110092
:61:1708310830C2145604,20NCHKNONREF//507706115
DEPOSITO DE CHEQUES OIC NO. 721181
:61:1708300830C2359843,20NCHKNONREF//507711304
DEP.CHQ. 721225714
:61:1708300830C400000,00NCHKNONREF//507711691
DEP.CHQ. 721229212
:61:1708300830C400000,00NCHKNONREF//507720096
DEP.CHQ. 721303612
:61:1708300830C1637633,50NCHKNONREF//507731552
DEP.CHQ. 721406782
:61:1708300830C59093,01NCHKNONREF//507734589
DEP.CHQ. 721434042
:61:1708300830C1553944,50NTRFNONREF//507741899
TRF : FUELGEST
:61:1708300830C1668400,00NCHKNONREF//507741987
DEP.CHQ. 721508922
:61:1708300830C46101,00NTRFNONREF//507752800
TRF : PETROGAL
:61:1708300830C7212114,68NCHKNONREF//507758097
DEP.CHQ. 721653102
:61:1708300830C697280,00NCHKNONREF//507780132
DEP.CHQ. 721850612
:61:1708300830C1700000,00NTRFNONREF//507782410
TRANSF REF: SOCIEDADE SOMPEC OIL
:61:1708300830C119000,00NCHKNONREF//507782501
DEP.CHQ. 721871712
:61:1708290830C504022,50NMSCNONREF//507793875
DEP.NUM. 108976
:61:1708290830C12000,00NMSCNONREF//507793999
DEP.NUM. 108974
:61:1708300830C200000,00NCHKNONREF//507794552
DEP.CHQ. 721980782
:61:1708300830C3052000,00NMSCNONREF//507794552
DEP.NUM. 721980784
:61:1708300830C1825534,90NCHKNONREF//507822608
DEP.CHQ. 722240282
:61:1708300830C680000,00NTRFNONREF//507837626
TRF.CRED.722388504
:61:1708310830C1290730,00NCHKNONREF//507872231
DEPOSITO DE CHEQUES OIC NO. 722703
:61:1708300830C1841611,20NTRFNONREF//507939133
TRF : ZAP FT 5518
:62M:C170830MZN35566268,35
-}{1:F01DEUTDEFFXXXX6233539926}{2:O9401753170831CGDIMZMAXXXX83387949511708311753N}{3:{108:1708310047030008}}{4:
:20:30AGO30AGO06207
:25:00063554510001
:28C:520/002
:60M:C170830MZN35566268,35
:61:1708300830C46340,80NMSCNONREF//507961731
FECHO TPA LOC. 00004123
:61:1708300830D35,79NMSCNONREF//507961731
COMISSAO-FECHO TPA LOC. 00004123
:61:1708300830C18170,20NMSCNONREF//507961731
FECHO TPA LOC. 00004123
:61:1708300830C53937,50NMSCNONREF//507961731
FECHO TPA LOC. 00004123
:61:1708300830D34,76NMSCNONREF//507961731
COMISSAO-FECHO TPA LOC. 00004123
:61:1708300830D26356107,94FMSCNONREF//507974352
AMORTIZACAO DA CCC
:62F:C170830MZN9328538,36
:64:C170830MZN185098800,84
-}{1:F01DEUTDEFFXXXX1004969789}{2:O9401758170901CGDIMZMAXXXX83397952981709011758N}{3:{108:1709010356310001}}{4:
:20:31AGO31AGO06291
:25:00063554510001
:28C:521/001
:60F:C170831MZN9328538,36
:61:1709010831C1220099,60NCHKNONREF//508072250
DEPOSITO DE CHEQUES OIC NO. 724612
:61:1709010831C665137,00NCHKNONREF//508073536
DEPOSITO DE CHEQUES OIC NO. 724623
:61:1708310831C46101,00NCHKNONREF//508074498
DEP.CHQ. 724631892
:61:1708310831C826989,90NCHKNONREF//508077013
DEP.CHQ. 724654582
:61:1708310831C400000,00NCHKNONREF//508077558
DEP.CHQ. 724659213
:61:1709010831C613825,20NCHKNONREF//508094380
DEPOSITO DE CHEQUES OIC NO. 724810
:61:1708310831C2696587,00NTRFNONREF//508100078
TRF : PETROGAL PAG.FAT 5096-5186 E
:61:1708310831C122377,20NCHKNONREF//508103189
DEP.CHQ. 724892712
:61:1708310831C1553200,00NMSCNONREF//508103441
DEP.NUM. 724894961
:61:1708310831C548878,00NCHKNONREF//508106981
DEP.CHQ. 724926792
:61:1708310831C92196,56NMSCNONREF//508116568
DEP.NUM. 725015041
:61:1708310831C145255,39NMSCNONREF//508117008
DEP.NUM. 725019491
:61:1708310831C88002,00NCHKNONREF//508117388
DEP.CHQ. 725022912
:61:1708310831C35874,65NMSCNONREF//508117453
DEP.NUM. 725023571
:61:1708310831C300000,00NMSCNONREF//508128319
DAMASIO MARIO
:61:1708310831C582000,00NCHKNONREF//508155323
DEP.CHQ. 725388742
:61:1708310831C922800,00NMSCNONREF//508157870
DEP.NUM. 725415111
:61:1708310831C41301,00NMSCNONREF//508162133
DEP.NUM. 725457521
:61:1708300831C319,50NMSCNONREF//508213498
DEP.NUM. 725938531
:61:1708300831C478640,00NMSCNONREF//508213709
DEP.NUM. 725940531
:61:1708310831C1382592,00NMSCNONREF//508216696
DEP.NUM. 725967812
:61:1708310831C925648,00NMSCNONREF//508218843
DEP.NUM. 725987751
:61:1708310831C1700000,00NCHKNONREF//508229048
DEP.CHQ. 726085462
:61:1708310831C82400,00NMSCNONREF//508229048
DEP.NUM. 726085464
:62M:C170831MZN24798762,36
-}{1:F01DEUTDEFFXXXX6378851735}{2:O9401758170901CGDIMZMAXXXX83397952971709011758N}{3:{108:1709010356310002}}{4:
:20:31AGO31AGO06291
:25:00063554510001
:28C:521/002
:60M:C170831MZN24798762,36
:61:1708310831C3600000,00NCHKNONREF//508229709
DEP.CHQ. 726092092
:61:1708310831C458615,36NCHKNONREF//508232198
DEP.CHQ. 726116102
:61:1708310831C75438,00NTRFNONREF//508251758
TRF : BONGAS MOZ PETROGAS
:61:1708310831C936740,50NTRFNONREF//508298999
TRF : SFM MUSSAGY BOANE
:61:1708310831C36880,80NTRFNONREF//508299437
TRF : SFM MUSSAGY BOANE
:61:1708310831C76276,20NTRFNONREF//508300590
TRF : SFM MUSSAGY BOANE
:61:1708310831C1926645,76NTRFNONREF//508302601
TRF : SFM MUSSAGY CHOKWE
:61:1708310831C91665,00NMSCNONREF//508326079
FECHO TPA LOC. 00004123
:61:1708310831D102,39NMSCNONREF//508326079
COMISSAO-FECHO TPA LOC. 00004123
:61:1708310831C14995,70NMSCNONREF//508326079
FECHO TPA LOC. 00004123
:61:1708310831C57301,50NMSCNONREF//508326079
FECHO TPA LOC. 00004123
:61:1708310831D29,21NMSCNONREF//508326079
COMISSAO-FECHO TPA LOC. 00004123
:61:1708310831D25777437,58FMSCNONREF//508339510
AMORTIZACAO DA CCC
:61:1709010831D24013,00NSTPNONREF//508345950
IMP.SELO
:61:1709010831C24013,00NMSCNONREF//508345950
UTILIZACAO DA CCC
:61:1709010831C463571,47FINTNONREF//900008443
JUROS CREDORES D/O - CONTA A ORDEM
:61:1709010831D92714,29FMSCNONREF//900008443
TAXA LIBERATORIA (IRPC) SOBRE JURO
:62F:C170831MZN6666609,18
:64:C170831MZN211223082,60
-}{1:F01DEUTDEFFXXXX5525642675}{2:O9401427170904CGDIMZMAXXXX83407955391709041427N}{3:{108:1709020559140011}}{4:
:20:01SET01SET06376
:25:00063554510001
:28C:522/001
:60F:C170901MZN6666609,18
:61:1709020901C626882,40NCHKNONREF//509761474
DEPOSITO DE CHEQUES OIC NO. 730355
:61:1709020901C575353,20NCHKNONREF//509762025
DEPOSITO DE CHEQUES OIC NO. 730360
:61:1709020901C626882,40NCHKNONREF//509762605
DEPOSITO DE CHEQUES OIC NO. 730365
:61:1709010901C543825,00NTRFNONREF//509763503
TRANSF REF: LIQUIDAC. FT4942/17
:61:1709010901C22335,50NCHKNONREF//509775361
DEP.CHQ. 730482862
:61:1709010901C22335,50NCHKNONREF//509775804
DEP.CHQ. 730487142
:61:1709010901C44671,00NCHKNONREF//509776893
DEP.CHQ. 730497342
:61:1709010901C179242,00NCHKNONREF//509783784
DEP.CHQ. 730563292
:61:1709010901C1467730,70NCHKNONREF//509783961
DEP.CHQ. 730564652
:61:1709010901C150000,00NCHKNONREF//509784050
DEP.CHQ. 730565352
:61:1709020901C255000,00NCHKNONREF//509784403
DEPOSITO DE CHEQUES OIC NO. 730568
:61:1709020901C1107053,30NCHKNONREF//509784703
DEPOSITO DE CHEQUES OIC NO. 730571
:61:1709020901C400000,00NCHKNONREF//509784981
DEPOSITO DE CHEQUES OIC NO. 730573
:61:1709020901C143960,85NCHKNONREF//509785191
DEPOSITO DE CHEQUES OIC NO. 730575
:61:1709010901C15750,00NMSCNONREF//509799774
DEP.NUM. 730703131
:61:1709010901C253457,00NMSCNONREF//509811802
DEP.NUM. 730810612
:61:1709010901C65000,00NMSCNONREF//509824945
DEP.NUM. 730930581
:61:1708310901C74000,00NMSCNONREF//509825302
DEP.NUM. 108989
:61:1708310901C529142,50NMSCNONREF//509825491
DEP.NUM. 108987
:61:1709010901C1032632,70NCHKNONREF//509851986
DEP.CHQ. 731185042
:61:1709010901D25490,00NCHKNONREF//509888094
CHQ.CAIXA 31028239
:61:1709010901C4115,31NCHKNONREF//509911531
DEP.CHQ. 731714982
:61:1709010901C191716,10NTRFNONREF//509950985
TRF : FT. 201. 4905 FERPINTA
:62M:C170901MZN14972204,64
-}{1:F01DEUTDEFFXXXX5318235104}{2:O9401427170904CGDIMZMAXXXX83407955401709041427N}{3:{108:1709020559140012}}{4:
:20:01SET01SET06376
:25:00063554510001
:28C:522/002
:60M:C170901MZN14972204,64
:61:1709010901C3796,65NTRFNONREF//509983922
TRF : ZAP FT. 436
:61:1709010901D165140,00NTRFNONREF//509986069
REC-CART-PRE-PAGO
:61:1709010901C69263,50NMSCNONREF//509999983
FECHO TPA LOC. 00004123
:61:1709010901D71,07NMSCNONREF//509999983
COMISSAO-FECHO TPA LOC. 00004123
:61:1709010901C5122,10NMSCNONREF//509999983
FECHO TPA LOC. 00004123
:61:1709010901D0,61NMSCNONREF//509999983
COMISSAO-FECHO TPA LOC. 00004123
:61:1709010901C73261,98NMSCNONREF//509999983
FECHO TPA LOC. 00004123
:61:1709010901D83,77NMSCNONREF//509999983
COMISSAO-FECHO TPA LOC. 00004123
:61:1709010901D8724159,47FMSCNONREF//510018714
AMORTIZACAO DA CCC
:61:1709010901D39880,00NMSCNONREF//510030365
PAG.SALDO DIVIDA CARTAO CREDITO 10
:61:1709010901C39880,00NMSCNONREF//510030365
UTILIZACAO DA CCC
:62F:C170901MZN6234193,95
:64:C170901MZN219536504,89
-}{1:F01DEUTDEFFXXXX5318235088}{2:O9401426170904CGDIMZMAXXXX83407954671709041426N}{3:{108:1709030646300008}}{4:
:20:02SET02SET06460
:25:00063554510001
:28C:523/00001
:60F:C170902MZN6234193,95
:61:1709020902C1707391,00NMSCNONREF//510249514
DEP.NUM. 734060341
:61:1709020902C2065091,50NTRFNONREF//510261357
TRF : PAG. PETROGAL FT. 5692
:61:1709020902C86511,00NMSCNONREF//510369644
FECHO TPA LOC. 00004123
:61:1709020902D73,31NMSCNONREF//510369644
COMISSAO-FECHO TPA LOC. 00004123
:61:1709020902C34993,30NMSCNONREF//510369644
FECHO TPA LOC. 00004123
:61:1709020902D80,39NMSCNONREF//510369644
COMISSAO-FECHO TPA LOC. 00004123
:61:1709020902C94630,10NMSCNONREF//510369644
FECHO TPA LOC. 00004123
:61:1709020902D204,21NMSCNONREF//510369644
COMISSAO-FECHO TPA LOC. 00004123
:61:1709020902D3988258,99FMSCNONREF//510388537
AMORTIZACAO DA CCC
:62F:C170902MZN6234193,95
:64:C170902MZN223524763,88
-}{1:F01DEUTDEFFXXXX1008279742}{2:O9400819170912CGDIMZMAXXXX83457966841709120819N}{3:{108:1709070344250001}}{4:
:20:06SET06SET06714
:25:00063554510001
:28C:526/00001
:60F:C170906MZN8678368,99
:61:1709060906C69521,90NMSCNONREF//511099976
FECHO TPA LOC. 00004123
:61:1709060906D148,68NMSCNONREF//511099976
COMISSAO-FECHO TPA LOC. 00004123
:61:1709060906C9115,00NMSCNONREF//511099976
FECHO TPA LOC. 00004123
:61:1709060906D6,00NMSCNONREF//511099976
COMISSAO-FECHO TPA LOC. 00004123
:61:1709060906C98123,80NMSCNONREF//511099976
FECHO TPA LOC. 00004123
:61:1709060906D228,25NMSCNONREF//511099976
COMISSAO-FECHO TPA LOC. 00004123
:61:1709060906C2036601,00NTRFNONREF//511120069
TRF : ZAP FACT 5747
:61:1709060906C79352,21NCHKNONREF//511141183
DEP.CHQ. 742853322
:61:1709060906C130000,00NCHKNONREF//511141279
DEP.CHQ. 742854222
:61:1709080906C163485,85NCHKNONREF//511151079
DEPOSITO DE CHEQUES OIC NO. 742948
:61:1709080906C144080,00NCHKNONREF//511151416
DEPOSITO DE CHEQUES OIC NO. 742951
:61:1709080906C1032632,70NCHKNONREF//511151735
DEPOSITO DE CHEQUES OIC NO. 742954
:61:1709080906C46101,00NCHKNONREF//511152009
DEPOSITO DE CHEQUES OIC NO. 742957
:61:1709080906C1726059,60NCHKNONREF//511152365
DEPOSITO DE CHEQUES OIC NO. 742960
:61:1709080906C1514965,80NCHKNONREF//511152680
DEPOSITO DE CHEQUES OIC NO. 742964
:61:1709060906C92202,00NCHKNONREF//511153728
DEP.CHQ. 742974562
:61:1709080906C575353,20NCHKNONREF//511154391
DEPOSITO DE CHEQUES OIC NO. 742980
:61:1709060906C3716400,00NCHKNONREF//511154639
DEP.CHQ. 742983112
:61:1709080906C522402,00NCHKNONREF//511154816
DEPOSITO DE CHEQUES OIC NO. 742984
:61:1709060906C300000,00NCHKNONREF//511157750
DEP.CHQ. 743013372
:61:1709060906C69151,50NCHKNONREF//511158556
DEP.CHQ. 743021112
:61:1709050906C1,00NMSCNONREF//511182014
DEP.NUM. 244109
:62M:C170906MZN21003534,62
-}{1:F01DEUTDEFFXXXX1008279754}{2:O9400819170912CGDIMZMAXXXX83457966851709120819N}{3:{108:1709070344250002}}{4:
:20:06SET06SET06714
:25:00063554510001
:28C:526/00002
:60M:C170906MZN21003534,62
:61:1709050906C552148,00NMSCNONREF//511182137
DEP.NUM. 244107
:61:1709050906C4000,00NMSCNONREF//511182267
DEP.NUM. 244105
:61:1709060906C1044804,00NCHKNONREF//511189788
DEP.CHQ. 743335162
:61:1709060906C57500,00NMSCNONREF//511206549
DEP.NUM. 743505981
:61:1709060906C70408,80NCHKNONREF//511213167
DEP.CHQ. 743573302
:61:1709060906C1929477,80NTRFNONREF//511220039
TRF : ZAP FACT 5670
:61:1709060906C582000,00NCHKNONREF//511220850
DEP.CHQ. 743650822
:61:1709080906C816000,00NCHKNONREF//511220850
DEPOSITO DE CHEQUES OIC NO. 743650
:61:1709060906C165308,72NCHKNONREF//511225420
DEP.CHQ. 743695402
:61:1709060906C1753997,70NCHKNONREF//511230079
DEP.CHQ. 743741312
:61:1709080906C2003726,00NCHKNONREF//511244628
DEPOSITO DE CHEQUES OIC NO. 743888
:61:1709080906C180178,00NCHKNONREF//511265503
DEPOSITO DE CHEQUES OIC NO. 744098
:61:1709060906C104480,40NTRFNONREF//511286222
TRF : BONGAS MOZ PETROGAL
:61:1709060906C1100000,00NTRFNONREF//511292846
TRF : PAGAMENTO PARCIAL FT 5745
:61:1709060906C1474216,25NTRFNONREF//511313465
TRF : ZAP FT 5718
:61:1709060906C349231,82NTRFNONREF//511316087
TRF : FUELGEST
:61:1709060906C89247,60NTRFNONREF//511322586
TRF : FUELGEST
:61:1709060906C53687,40NMSCNONREF//511327640
FECHO TPA LOC. 00004123
:61:1709060906D48,79NMSCNONREF//511327640
COMISSAO-FECHO TPA LOC. 00004123
:61:1709060906C15240,40NMSCNONREF//511327640
FECHO TPA LOC. 00004123
:61:1709060906C58837,61NMSCNONREF//511327640
FECHO TPA LOC. 00004123
:61:1709060906D45,40NMSCNONREF//511327640
COMISSAO-FECHO TPA LOC. 00004123
:61:1709060906D19082929,33FMSCNONREF//511349413
AMORTIZACAO DA CCC
:62F:C170906MZN14325001,60
:64:C170906MZN287796571,67
-}{1:F01DEUTDEFFXXXX5317008970}{2:O9401652170828CGDIMZMAXXXX83357933401708281652N}{3:{108:1708260107450004}}{4:
:20:25AGO25AGO05870
:25:00063554510002
:28C:509/001
:60F:C170825USD33364,06
:61:1708250825D6108,30NFEXNONREF//506416439
TRF DE PETROGAL MOC P/ CARLOS MART
:61:1708250825D8341,41NFEXNONREF//506417882
TRF DE PETROGAL MOC P/ PAULO J L V
:61:1708250825D8710,20NFEXNONREF//506419479
TRF DE PETROGAL MOC P/ VISCTOR FON
:62F:C170825USD10204,15
:64:C170825USD10204,15
-}{1:F01DEUTDEFFXXXX6233384744}{2:O9401705170828CGDIMZMAXXXX83357934281708281705N}{3:{108:1708270539530007}}{4:
:20:26AGO26AGO05954
:25:00063554510002
:28C:510/001
:60F:C170826USD10204,15
:62F:C170826USD10204,15
:64:C170826USD10204,15
-}{1:F01DEUTDEFFXXXX5524463627}{2:O9401312170829CGDIMZMAXXXX83367942651708291312N}{3:{108:1708290209040004}}{4:
:20:27AGO28AGO06040
:25:00063554510002
:28C:511/001
:60F:C170827USD10204,15
:62F:C170828USD10204,15
:64:C170828USD10204,15
-}{1:F01DEUTDEFFXXXX5524558153}{2:O9401751170831CGDIMZMAXXXX83387948641708311751N}{3:{108:1708300009250009}}{4:
:20:29AGO29AGO06124
:25:00063554510002
:28C:512/001
:60F:C170829USD10204,15
:62F:C170829USD10204,15
:64:C170829USD10204,15
-}{1:F01DEUTDEFFXXXX6378803683}{2:O9401753170831CGDIMZMAXXXX83387949521708311753N}{3:{108:1708310047030009}}{4:
:20:30AGO30AGO06208
:25:00063554510002
:28C:513/001
:60F:C170830USD10204,15
:62F:C170830USD10204,15
:64:C170830USD10204,15
-}{1:F01DEUTDEFFXXXX6233593048}{2:O9401758170901CGDIMZMAXXXX83397952961709011758N}{3:{108:1709010356310003}}{4:
:20:31AGO31AGO06292
:25:00063554510002
:28C:514/001
:60F:C170831USD10204,15
:61:1709010831C4,98FINTNONREF//900008446
JUROS CREDORES D/O - CONTA A ORDEM
:61:1709010831D1,00FMSCNONREF//900008446
TAXA LIBERATORIA (IRPC) SOBRE JURO
:62F:C170831USD10208,13
:64:C170831USD10208,13
-}{1:F01DEUTDEFFXXXX1063109640}{2:O9401427170904CGDIMZMAXXXX83407955381709041427N}{3:{108:1709020559140013}}{4:
:20:01SET01SET06377
:25:00063554510002
:28C:515/001
:60F:C170901USD10208,13
:62F:C170901USD10208,13
:64:C170901USD10208,13
-}{1:F01DEUTDEFFXXXX6234637046}{2:O9401426170904CGDIMZMAXXXX83407954681709041426N}{3:{108:1709030646300009}}{4:
:20:02SET02SET06461
:25:00063554510002
:28C:516/00001
:60F:C170902USD10208,13
:62F:C170902USD10208,13
:64:C170902USD10208,13
-}{1:F01DEUTDEFFXXXX6234684839}{2:O9401109170905CGDIMZMAXXXX83417957801709051109N}{3:{108:1709050033290014}}{4:
:20:03SET04SET06547
:25:00063554510002
:28C:517/00001
:60F:C170903USD10208,13
:62F:C170904USD10208,13
:64:C170904USD10208,13
-}{1:F01DEUTDEFFXXXX6237930972}{2:O9400819170912CGDIMZMAXXXX83457966861709120819N}{3:{108:1709070344250003}}{4:
:20:06SET06SET06715
:25:00063554510002
:28C:519/00001
:60F:C170906USD10208,13
:62F:C170906USD10208,13
:64:C170906USD10208,13
-}{1:F01DEUTDEFFXXXX6388157508}{2:O9400820170912CGDIMZMAXXXX83457967731709120820N}{3:{108:1709090119120007}}{4:
:20:07SET08SET06793
:25:00063554510002
:28C:520/00001
:60F:C170907USD10208,13
:62F:C170908USD10208,13
:64:C170908USD10208,13
-}{1:F01DEUTDEFFXXXX6378666161}{2:O9401642170828CGDIMZMAXXXX83357932921708281642N}{3:{108:1708260107450005}}{4:
:20:25AGO25AGO05871
:25:00063554510003
:28C:338/001
:60F:C170825ZAR27354,27
:62F:C170825ZAR27354,27
:64:C170825ZAR27354,27
-}{1:F01DEUTDEFFXXXX6378667324}{2:O9401705170828CGDIMZMAXXXX83357934291708281705N}{3:{108:1708270539530008}}{4:
:20:26AGO26AGO05955
:25:00063554510003
:28C:339/001
:60F:C170826ZAR27354,27
:62F:C170826ZAR27354,27
:64:C170826ZAR27354,27
-}{1:F01DEUTDEFFXXXX1062931217}{2:O9401312170829CGDIMZMAXXXX83367942661708291312N}{3:{108:1708290209040005}}{4:
:20:27AGO28AGO06041
:25:00063554510003
:28C:340/001
:60F:C170827ZAR27354,27
:62F:C170828ZAR27354,27
:64:C170828ZAR27354,27
-}{1:F01DEUTDEFFXXXX1004917884}{2:O9401751170831CGDIMZMAXXXX83387948621708311751N}{3:{108:1708300009250010}}{4:
:20:29AGO29AGO06125
:25:00063554510003
:28C:341/001
:60F:C170829ZAR27354,27
:62F:C170829ZAR27354,27
:64:C170829ZAR27354,27
-}{1:F01DEUTDEFFXXXX1004918014}{2:O9401753170831CGDIMZMAXXXX83387949531708311753N}{3:{108:1708310047030010}}{4:
:20:30AGO30AGO06209
:25:00063554510003
:28C:342/001
:60F:C170830ZAR27354,27
:62F:C170830ZAR27354,27
:64:C170830ZAR27354,27
-}{1:F01DEUTDEFFXXXX5317189224}{2:O9401758170901CGDIMZMAXXXX83397952951709011758N}{3:{108:1709010356310004}}{4:
:20:31AGO31AGO06293
:25:00063554510003
:28C:343/001
:60F:C170831ZAR27354,27
:62F:C170831ZAR27354,27
:64:C170831ZAR27354,27
-}{1:F01DEUTDEFFXXXX1005010071}{2:O9401427170904CGDIMZMAXXXX83407955371709041427N}{3:{108:1709020559140014}}{4:
:20:01SET01SET06378
:25:00063554510003
:28C:344/001
:60F:C170901ZAR27354,27
:62F:C170901ZAR27354,27
:64:C170901ZAR27354,27
-}{1:F01DEUTDEFFXXXX6379891838}{2:O9401426170904CGDIMZMAXXXX83407954691709041426N}{3:{108:1709030646300010}}{4:
:20:02SET02SET06462
:25:00063554510003
:28C:345/00001
:60F:C170902ZAR27354,27
:62F:C170902ZAR27354,27
:64:C170902ZAR27354,27
-}{1:F01DEUTDEFFXXXX6379935193}{2:O9401109170905CGDIMZMAXXXX83417957811709051109N}{3:{108:1709050033290015}}{4:
:20:03SET04SET06548
:25:00063554510003
:28C:346/00001
:60F:C170903ZAR27354,27
:62F:C170904ZAR27354,27
:64:C170904ZAR27354,27
-}{1:F01DEUTDEFFXXXX5529874166}{2:O9400819170912CGDIMZMAXXXX83457966871709120819N}{3:{108:1709070344250004}}{4:
:20:06SET06SET06716
:25:00063554510003
:28C:348/00001
:60F:C170906ZAR27354,27
:62F:C170906ZAR27354,27
:64:C170906ZAR27354,27
-}{1:F01DEUTDEFFXXXX1067343502}{2:O9400820170912CGDIMZMAXXXX83457967741709120820N}{3:{108:1709090119120008}}{4:
:20:07SET08SET06794
:25:00063554510003
:28C:349/00001
:60F:C170907ZAR27354,27
:62F:C170908ZAR27354,27
:64:C170908ZAR27354,27
-}{1:F01DEUTDEFFXXXX5317008117}{2:O9401642170828CGDIMZMAXXXX83357932931708281642N}{3:{108:1708260107450006}}{4:
:20:25AGO25AGO05872
:25:00063554510004
:28C:391/001
:60F:C170825EUR1300,54
:62F:C170825EUR1300,54
:64:C170825EUR1300,54
-}{1:F01DEUTDEFFXXXX5317009371}{2:O9401705170828CGDIMZMAXXXX83357934301708281705N}{3:{108:1708270539530009}}{4:
:20:26AGO26AGO05956
:25:00063554510004
:28C:392/001
:60F:C170826EUR1300,54
:62F:C170826EUR1300,54
:64:C170826EUR1300,54
-}{1:F01DEUTDEFFXXXX5317049739}{2:O9401312170829CGDIMZMAXXXX83367942671708291312N}{3:{108:1708290209040006}}{4:
:20:27AGO28AGO06042
:25:00063554510004
:28C:393/001
:60F:C170827EUR1300,54
:62F:C170828EUR1300,54
:64:C170828EUR1300,54
-}{1:F01DEUTDEFFXXXX1004917885}{2:O9401751170831CGDIMZMAXXXX83387948631708311751N}{3:{108:1708300009250011}}{4:
:20:29AGO29AGO06126
:25:00063554510004
:28C:394/001
:60F:C170829EUR1300,54
:62F:C170829EUR1300,54
:64:C170829EUR1300,54
-}{1:F01DEUTDEFFXXXX1004918015}{2:O9401753170831CGDIMZMAXXXX83387949541708311753N}{3:{108:1708310047030011}}{4:
:20:30AGO30AGO06210
:25:00063554510004
:28C:395/001
:60F:C170830EUR1300,54
:62F:C170830EUR1300,54
:64:C170830EUR1300,54
-}{1:F01DEUTDEFFXXXX5524605064}{2:O9401758170901CGDIMZMAXXXX83397952941709011758N}{3:{108:1709010356310005}}{4:
:20:31AGO31AGO06294
:25:00063554510004
:28C:396/001
:60F:C170831EUR1300,54
:62F:C170831EUR1300,54
:64:C170831EUR1300,54
-}{1:F01DEUTDEFFXXXX6379891845}{2:O9401427170904CGDIMZMAXXXX83407955361709041427N}{3:{108:1709020559140015}}{4:
:20:01SET01SET06379
:25:00063554510004
:28C:397/001
:60F:C170901EUR1300,54
:62F:C170901EUR1300,54
:64:C170901EUR1300,54
-}{1:F01DEUTDEFFXXXX1005010064}{2:O9401426170904CGDIMZMAXXXX83407954701709041426N}{3:{108:1709030646300011}}{4:
:20:02SET02SET06463
:25:00063554510004
:28C:398/00001
:60F:C170902EUR1300,54
:62F:C170902EUR1300,54
:64:C170902EUR1300,54
-}{1:F01DEUTDEFFXXXX5318295131}{2:O9401109170905CGDIMZMAXXXX83417957821709051109N}{3:{108:1709050033290016}}{4:
:20:03SET04SET06549
:25:00063554510004
:28C:399/00001
:60F:C170903EUR1300,54
:62F:C170904EUR1300,54
:64:C170904EUR1300,54
-}{1:F01DEUTDEFFXXXX6388157506}{2:O9400819170912CGDIMZMAXXXX83457966881709120819N}{3:{108:1709070344250005}}{4:
:20:06SET06SET06717
:25:00063554510004
:28C:401/00001
:60F:C170906EUR1300,54
:62F:C170906EUR1300,54
:64:C170906EUR1300,54
-}{1:F01DEUTDEFFXXXX5529874169}{2:O9400820170912CGDIMZMAXXXX83457967751709120820N}{3:{108:1709090119120009}}{4:
:20:07SET08SET06795
:25:00063554510004
:28C:402/00001
:60F:C170907EUR1300,54
:62F:C170908EUR1300,54
:64:C170908EUR1300,54
-}{1:F01DEUTDEFFXXXX5317008971}{2:O9401652170828CGDIMZMAXXXX83357933411708281652N}{3:{108:1708260107450007}}{4:
:20:25AGO25AGO05873
:25:00063554511002
:28C:315/001
:60F:C170825MZN1146596,56
:62F:C170825MZN1146596,56
:64:C170825MZN1146596,56
-}{1:F01DEUTDEFFXXXX6233384745}{2:O9401705170828CGDIMZMAXXXX83357934311708281705N}{3:{108:1708270539530010}}{4:
:20:26AGO26AGO05957
:25:00063554511002
:28C:316/001
:60F:C170826MZN1146596,56
:62F:C170826MZN1146596,56
:64:C170826MZN1146596,56
-}{1:F01DEUTDEFFXXXX6233430466}{2:O9401312170829CGDIMZMAXXXX83367942681708291312N}{3:{108:1708290209040007}}{4:
:20:27AGO28AGO06043
:25:00063554511002
:28C:317/001
:60F:C170827MZN1146596,56
:62F:C170828MZN1146596,56
:64:C170828MZN1146596,56
-}{1:F01DEUTDEFFXXXX5524558154}{2:O9401751170831CGDIMZMAXXXX83387948651708311751N}{3:{108:1708300009250012}}{4:
:20:29AGO29AGO06127
:25:00063554511002
:28C:318/001
:60F:C170829MZN1146596,56
:62F:C170829MZN1146596,56
:64:C170829MZN1146596,56
-}{1:F01DEUTDEFFXXXX5524558276}{2:O9401753170831CGDIMZMAXXXX83387949551708311753N}{3:{108:1708310047030012}}{4:
:20:30AGO30AGO06211
:25:00063554511002
:28C:319/001
:60F:C170830MZN1146596,56
:62F:C170830MZN1146596,56
:64:C170830MZN1146596,56
-}{1:F01DEUTDEFFXXXX1004969781}{2:O9401758170901CGDIMZMAXXXX83397952931709011758N}{3:{108:1709010356310006}}{4:
:20:31AGO31AGO06295
:25:00063554511002
:28C:320/001
:60F:C170831MZN1146596,56
:62F:C170831MZN1146596,56
:64:C170831MZN1146596,56
-}{1:F01DEUTDEFFXXXX1063109632}{2:O9401426170904CGDIMZMAXXXX83407954571709041426N}{3:{108:1709020559140016}}{4:
:20:01SET01SET06380
:25:00063554511002
:28C:321/001
:60F:C170901MZN1146596,56
:62F:C170901MZN1146596,56
:64:C170901MZN1146596,56
-}{1:F01DEUTDEFFXXXX5318235089}{2:O9401426170904CGDIMZMAXXXX83407954711709041426N}{3:{108:1709030646300012}}{4:
:20:02SET02SET06464
:25:00063554511002
:28C:322/00001
:60F:C170902MZN1146596,56
:62F:C170902MZN1146596,56
:64:C170902MZN1146596,56
-}{1:F01DEUTDEFFXXXX6234684840}{2:O9401109170905CGDIMZMAXXXX83417957831709051109N}{3:{108:1709050033300001}}{4:
:20:03SET04SET06550
:25:00063554511002
:28C:323/00001
:60F:C170903MZN1146596,56
:62F:C170904MZN1146596,56
:64:C170904MZN1146596,56
-}{1:F01DEUTDEFFXXXX1067343498}{2:O9400819170912CGDIMZMAXXXX83457966891709120819N}{3:{108:1709070344250006}}{4:
:20:06SET06SET06718
:25:00063554511002
:28C:325/00001
:60F:C170906MZN1146596,56
:62F:C170906MZN1146596,56
:64:C170906MZN1146596,56
-}{1:F01DEUTDEFFXXXX6388157509}{2:O9400820170912CGDIMZMAXXXX83457967761709120820N}{3:{108:1709090119120010}}{4:
:20:07SET08SET06796
:25:00063554511002
:28C:326/00001
:60F:C170907MZN1146596,56
:62F:C170908MZN1146596,56
:64:C170908MZN1146596,56
-}{1:F01DEUTDEFFXXXX6233384375}{2:O9401652170828CGDIMZMAXXXX83357933421708281652N}{3:{108:1708260107450008}}{4:
:20:25AGO25AGO05874
:25:00063554511003
:28C:315/001
:60F:C170825EUR12245,85
:62F:C170825EUR12245,85
:64:C170825EUR12245,85
-}{1:F01DEUTDEFFXXXX6233384757}{2:O9401705170828CGDIMZMAXXXX83357934321708281705N}{3:{108:1708270539530011}}{4:
:20:26AGO26AGO05958
:25:00063554511003
:28C:316/001
:60F:C170826EUR12245,85
:62F:C170826EUR12245,85
:64:C170826EUR12245,85
-}{1:F01DEUTDEFFXXXX6378708056}{2:O9401312170829CGDIMZMAXXXX83367942691708291312N}{3:{108:1708290209040008}}{4:
:20:27AGO28AGO06044
:25:00063554511003
:28C:317/001
:60F:C170827EUR12245,85
:62F:C170828EUR12245,85
:64:C170828EUR12245,85
-}{1:F01DEUTDEFFXXXX5317142922}{2:O9401751170831CGDIMZMAXXXX83387948661708311751N}{3:{108:1708300009250013}}{4:
:20:29AGO29AGO06128
:25:00063554511003
:28C:318/001
:60F:C170829EUR12245,85
:62F:C170829EUR12245,85
:64:C170829EUR12245,85
-}{1:F01DEUTDEFFXXXX6233539961}{2:O9401754170831CGDIMZMAXXXX83387950371708311754N}{3:{108:1708310047030013}}{4:
:20:30AGO30AGO06212
:25:00063554511003
:28C:319/001
:60F:C170830EUR12245,85
:62F:C170830EUR12245,85
:64:C170830EUR12245,85
-}{1:F01DEUTDEFFXXXX6233593008}{2:O9401757170901CGDIMZMAXXXX83397952541709011757N}{3:{108:1709010356310007}}{4:
:20:31AGO31AGO06296
:25:00063554511003
:28C:320/001
:60F:C170831EUR12245,85
:62F:C170831EUR12245,85
:64:C170831EUR12245,85
-}{1:F01DEUTDEFFXXXX5318235062}{2:O9401425170904CGDIMZMAXXXX83407953931709041425N}{3:{108:1709020559150001}}{4:
:20:01SET01SET06381
:25:00063554511003
:28C:321/001
:60F:C170901EUR12245,85
:62F:C170901EUR12245,85
:64:C170901EUR12245,85
-}{1:F01DEUTDEFFXXXX6234637047}{2:O9401426170904CGDIMZMAXXXX83407954721709041426N}{3:{108:1709030646300013}}{4:
:20:02SET02SET06465
:25:00063554511003
:28C:322/00001
:60F:C170902EUR12245,85
:62F:C170902EUR12245,85
:64:C170902EUR12245,85
-}{1:F01DEUTDEFFXXXX6379935194}{2:O9401109170905CGDIMZMAXXXX83417957841709051109N}{3:{108:1709050033300002}}{4:
:20:03SET04SET06551
:25:00063554511003
:28C:323/00001
:60F:C170903EUR12245,85
:62F:C170904EUR12245,85
:64:C170904EUR12245,85
-}{1:F01DEUTDEFFXXXX1067343445}{2:O9400818170912CGDIMZMAXXXX83457966151709120818N}{3:{108:1709060122440012}}{4:
:20:05SET05SET06635
:25:00063554511003
:28C:324/00001
:60F:C170905EUR12245,85
:62F:C170905EUR12245,85
:64:C170905EUR12245,85
-}{1:F01DEUTDEFFXXXX5321582162}{2:O9400819170912CGDIMZMAXXXX83457966901709120819N}{3:{108:1709070344250007}}{4:
:20:06SET06SET06719
:25:00063554511003
:28C:325/00001
:60F:C170906EUR12245,85
:62F:C170906EUR12245,85
:64:C170906EUR12245,85
-}{1:F01DEUTDEFFXXXX1067343503}{2:O9400820170912CGDIMZMAXXXX83457967771709120820N}{3:{108:1709090119120011}}{4:
:20:07SET08SET06797
:25:00063554511003
:28C:326/00001
:60F:C170907EUR12245,85
:62F:C170908EUR12245,85
:64:C170908EUR12245,85
-}{1:F01DEUTDEFFXXXX5317008995}{2:O9401655170828CGDIMZMAXXXX83357933571708281655N}{3:{108:1708260107460005}}{4:
:20:25AGO25AGO05887
:25:07518120910001
:28C:050/001
:60F:C170825MZN8138396,84
:61:1708250825D21037,88NTRFNONREF//506411920
PAG.VODACOM7156V0272144B
:62F:C170825MZN8117358,96
:64:C170825MZN8117358,96
-}{1:F01DEUTDEFFXXXX6233384765}{2:O9401705170828CGDIMZMAXXXX83357934451708281705N}{3:{108:1708270539540004}}{4:
:20:26AGO26AGO05971
:25:07518120910001
:28C:051/001
:60F:C170826MZN8117358,96
:61:1708260826D400709,25NTRFNONREF//506550236
PAG SALARIO
:61:1708260826D196,08NCHGNONREF//506550236
DESPESAS TRATAMENTO FICHEIRO PS2
:61:1708270826D3,92NSTPNONREF//506550236
IMPOSTO SELO S/COMISSAO FICHEIRO P
:61:1708260826D31,36NCOMNONREF//506550236
COMISSAO TRANSF.INTERNA
:61:1708270826D0,60NSTPNONREF//506550236
IMPOSTO SELO S/COMISSAO TRANSF.INT
:62F:C170826MZN7716417,75
:64:C170826MZN7716417,75
-}{1:F01DEUTDEFFXXXX1004809975}{2:O9401312170829CGDIMZMAXXXX83367942841708291312N}{3:{108:1708290209050005}}{4:
:20:27AGO28AGO06057
:25:07518120910001
:28C:052/001
:60F:C170827MZN7716417,75
:61:1708280828D145051,33FTRFNONREF//507009542
TRANS REF:UNICO PAULO MENDONCA
:61:1708280828D318,63FMSCNONREF//507009542
COMISSAO/DESPESAS DE TEI 507009542
:61:1708280828D6,37NSTPNONREF//507009542
IMPOSTO DE SELO SOBRE COMISSAO
:61:1708280828D128168,00FTRFNONREF//507010566
TRANS REF:UNICO: JOSE NICOLAU
:61:1708280828D318,63FMSCNONREF//507010566
COMISSAO/DESPESAS DE TEI 507010566
:61:1708280828D6,37NSTPNONREF//507010566
IMPOSTO DE SELO SOBRE COMISSAO
:61:1708280828D15000,00FTRFAVENCA DE AGOSTO//507011751
TRANS REF:UNICO: RUI A USSACA
:61:1708280828D318,63FMSCAVENCA DE AGOSTO//507011751
COMISSAO/DESPESAS DE TEI 507011751
:61:1708280828D6,37NSTPAVENCA DE AGOSTO//507011751
IMPOSTO DE SELO SOBRE COMISSAO
:62F:C170828MZN7427223,42
:64:C170828MZN7427223,42
-}{1:F01DEUTDEFFXXXX5317143006}{2:O9401752170831CGDIMZMAXXXX83387948821708311752N}{3:{108:1708300009260009}}{4:
:20:29AGO29AGO06141
:25:07518120910001
:28C:053/001
:60F:C170829MZN7427223,42
:61:1708290829D29152,00NCHKNONREF//507332282
CH.COMP.32361925
:61:1708290829D2549460,70NCHKNONREF//507394679
CHQ.CAIXA 32361933
:62F:C170829MZN4848610,72
:64:C170829MZN4848610,72
-}{1:F01DEUTDEFFXXXX6233539929}{2:O9401753170831CGDIMZMAXXXX83387949661708311753N}{3:{108:1708310047040009}}{4:
:20:30AGO30AGO06225
:25:07518120910001
:28C:054/001
:60F:C170830MZN4848610,72
:62F:C170830MZN4848610,72
:64:C170830MZN4848610,72
-}{1:F01DEUTDEFFXXXX5524605015}{2:O9401757170901CGDIMZMAXXXX83397952431709011757N}{3:{108:1709010356320002}}{4:
:20:31AGO31AGO06310
:25:07518120910001
:28C:055/001
:60F:C170831MZN4848610,72
:61:1708310831D22240,00NTRFNONREF//508239533
REC-CART-PRE-PAGO
:61:1709010831C40525,26FINTNONREF//900829073
JUROS CREDORES D/O - CONTA A ORDEM
:61:1709010831D8105,05FMSCNONREF//900829073
TAXA LIBERATORIA (IRPC) SOBRE JURO
:62F:C170831MZN4858790,93
:64:C170831MZN4858790,93
-}{1:F01DEUTDEFFXXXX5318235068}{2:O9401425170904CGDIMZMAXXXX83407954041709041425N}{3:{108:1709020559150014}}{4:
:20:01SET01SET06394
:25:07518120910001
:28C:056/001
:60F:C170901MZN4858790,93
:62F:C170901MZN4858790,93
:64:C170901MZN4858790,93
-}{1:F01DEUTDEFFXXXX5318235092}{2:O9401426170904CGDIMZMAXXXX83407954831709041426N}{3:{108:1709030646310006}}{4:
:20:02SET02SET06478
:25:07518120910001
:28C:057/00001
:60F:C170902MZN4858790,93
:62F:C170902MZN4858790,93
:64:C170902MZN4858790,93
-}{1:F01DEUTDEFFXXXX5318295132}{2:O9401109170905CGDIMZMAXXXX83417957961709051109N}{3:{108:1709050033300016}}{4:
:20:03SET04SET06564
:25:07518120910001
:28C:058/00001
:60F:C170903MZN4858790,93
:61:1709040904D10000,00NTRFNONREF//510743657
MT940 AGOSTO/17
:62F:C170904MZN4848790,93
:64:C170904MZN4848790,93
-}{1:F01DEUTDEFFXXXX1008279695}{2:O9400818170912CGDIMZMAXXXX83457966271709120818N}{3:{108:1709060122450011}}{4:
:20:05SET05SET06648
:25:07518120910001
:28C:059/00001
:60F:C170905MZN4848790,93
:61:1709050905D18141,94NCHKNONREF//510982063
CHQ.CAIXA 32361936
:61:1709050905C0,94NMSCNONREF//510983274
DEP.NUM. 741219821
:62F:C170905MZN4830649,93
:64:C170905MZN4830649,93
-}{1:F01DEUTDEFFXXXX1067343499}{2:O9400819170912CGDIMZMAXXXX83457967021709120819N}{3:{108:1709070344260010}}{4:
:20:06SET06SET06732
:25:07518120910001
:28C:060/00001
:60F:C170906MZN4830649,93
:62F:C170906MZN4830649,93
:64:C170906MZN4830649,93
-}{1:F01DEUTDEFFXXXX1008279764}{2:O9400820170912CGDIMZMAXXXX83457967901709120820N}{3:{108:1709090119130013}}{4:
:20:07SET08SET06813
:25:07518120910001
:28C:061/00001
:60F:C170907MZN4830649,93
:61:1709080908D684931,00NCHKNONREF//511526249
CH.COMP.32361937
:61:1709080908D36029,88NCHKNONREF//511597159
CHQ.CAIXA 32361938
:61:1709080908D271421,00NCHKNONREF//511611355
CHQ.CAIXA 32361939
:61:1709080908D600048,00NCHKNONREF//511648419
CHQ.CAIXA 32361941
:62F:C170908MZN3238220,05
:64:C170908MZN3238220,05
-}{1:F01DEUTDEFFXXXX6233384395}{2:O9401655170828CGDIMZMAXXXX83357933581708281655N}{3:{108:1708260107460006}}{4:
:20:25AGO25AGO05888
:25:07518120910002
:28C:049/001
:60F:C170825USD43324,98
:62F:C170825USD43324,98
:64:C170825USD43324,98
-}{1:F01DEUTDEFFXXXX6378667343}{2:O9401705170828CGDIMZMAXXXX83357934461708281705N}{3:{108:1708270539540005}}{4:
:20:26AGO26AGO05972
:25:07518120910002
:28C:050/001
:60F:C170826USD43324,98
:62F:C170826USD43324,98
:64:C170826USD43324,98
-}{1:F01DEUTDEFFXXXX5524463629}{2:O9401312170829CGDIMZMAXXXX83367942851708291312N}{3:{108:1708290209050006}}{4:
:20:27AGO28AGO06058
:25:07518120910002
:28C:051/001
:60F:C170827USD43324,98
:62F:C170828USD43324,98
:64:C170828USD43324,98
-}{1:F01DEUTDEFFXXXX5524558240}{2:O9401752170831CGDIMZMAXXXX83387948801708311752N}{3:{108:1708300009260010}}{4:
:20:29AGO29AGO06142
:25:07518120910002
:28C:052/001
:60F:C170829USD43324,98
:62F:C170829USD43324,98
:64:C170829USD43324,98
-}{1:F01DEUTDEFFXXXX6378803686}{2:O9401753170831CGDIMZMAXXXX83387949671708311753N}{3:{108:1708310047040010}}{4:
:20:30AGO30AGO06226
:25:07518120910002
:28C:053/001
:60F:C170830USD43324,98
:62F:C170830USD43324,98
:64:C170830USD43324,98
-}{1:F01DEUTDEFFXXXX6233593001}{2:O9401757170901CGDIMZMAXXXX83397952441709011757N}{3:{108:1709010356320003}}{4:
:20:31AGO31AGO06311
:25:07518120910002
:28C:054/001
:60F:C170831USD43324,98
:61:1709010831C11,66FINTNONREF//900829075
JUROS CREDORES D/O - CONTA A ORDEM
:61:1709010831D2,33FMSCNONREF//900829075
TAXA LIBERATORIA (IRPC) SOBRE JURO
:62F:C170831USD43334,31
:64:C170831USD43334,31
-}{1:F01DEUTDEFFXXXX6379891823}{2:O9401425170904CGDIMZMAXXXX83407954051709041425N}{3:{108:1709020559150015}}{4:
:20:01SET01SET06395
:25:07518120910002
:28C:055/001
:60F:C170901USD43334,31
:62F:C170901USD43334,31
:64:C170901USD43334,31
-}{1:F01DEUTDEFFXXXX6234637049}{2:O9401426170904CGDIMZMAXXXX83407954841709041426N}{3:{108:1709030646310007}}{4:
:20:02SET02SET06479
:25:07518120910002
:28C:056/00001
:60F:C170902USD43334,31
:62F:C170902USD43334,31
:64:C170902USD43334,31
-}{1:F01DEUTDEFFXXXX6234684841}{2:O9401109170905CGDIMZMAXXXX83417957971709051109N}{3:{108:1709050033300017}}{4:
:20:03SET04SET06565
:25:07518120910002
:28C:057/00001
:60F:C170903USD43334,31
:62F:C170904USD43334,31
:64:C170904USD43334,31
-}{1:F01DEUTDEFFXXXX6237930919}{2:O9400818170912CGDIMZMAXXXX83457966281709120818N}{3:{108:1709060122450012}}{4:
:20:05SET05SET06649
:25:07518120910002
:28C:058/00001
:60F:C170905USD43334,31
:62F:C170905USD43334,31
:64:C170905USD43334,31
-}{1:F01DEUTDEFFXXXX5321582163}{2:O9400819170912CGDIMZMAXXXX83457967031709120819N}{3:{108:1709070344260011}}{4:
:20:06SET06SET06733
:25:07518120910002
:28C:059/00001
:60F:C170906USD43334,31
:62F:C170906USD43334,31
:64:C170906USD43334,31
-}{1:F01DEUTDEFFXXXX1067343504}{2:O9400820170912CGDIMZMAXXXX83457967911709120820N}{3:{108:1709090119130014}}{4:
:20:07SET08SET06814
:25:07518120910002
:28C:060/00001
:60F:C170907USD43334,31
:62F:C170908USD43334,31
:64:C170908USD43334,31
-}